{
  "retailerId":"5a3e2883a002201ed0d4222b",
  "data":[
 {
   "category": "Fill the Grill",
   "subcategory": "Fill the Grill Produce",
   "name": "Organic Strawberries",
   "price": "4.99",
   "description": "",
   "image": "https://d2lnr5mha7bycj.cloudfront.net/product-image/file/large_6ff94ebf-85d0-4d7e-9db3-135ab6617384.jpg",
   "Image 2": "",
   "Product Link": "https://www.instacart.com/store/items/6829412?source1=aisle&source2=47600&source3=47600&impressionId=3a1a91ea-6b86-4cc4-8c33-77b4981bd135",
   "FIELD9": ""
 },
 {
   "category": "Fill the Grill",
   "subcategory": "Fill the Grill Produce",
   "name": "Local Organic Strawberries",
   "price": "4.99",
   "description": "",
   "image": "https://d2lnr5mha7bycj.cloudfront.net/product-image/file/large_d240879d-51d1-4c62-b9a7-bba10d91d2b9.jpg",
   "Image 2": "",
   "Product Link": "https://www.instacart.com/store/items/18497198?source1=aisle&source2=47600&source3=47600&impressionId=32f3a707-2e21-47f1-97c0-01fc0bae402d",
   "FIELD9": ""
 },
 {
   "category": "Fill the Grill",
   "subcategory": "Fill the Grill Produce",
   "name": "Strawberries",
   "price": "2.99",
   "description": "",
   "image": "https://d2lnr5mha7bycj.cloudfront.net/product-image/file/large_6f4c824f-2e41-4910-9b03-c1c129004c9f.jpg",
   "Image 2": "",
   "Product Link": "https://www.instacart.com/store/items/19496051?source1=aisle&source2=47600&source3=47600&impressionId=f370976e-b7aa-422e-9875-fd44602c1602",
   "FIELD9": ""
 },
 {
   "category": "Fill the Grill",
   "subcategory": "Fill the Grill Produce",
   "name": "Red Bell Pepper",
   "price": "2.11",
   "description": "",
   "image": "https://d2lnr5mha7bycj.cloudfront.net/product-image/file/large_8c220dda-7f95-4f3e-ac6f-b8cf25593f8b.jpg",
   "Image 2": "",
   "Product Link": "https://www.instacart.com/store/items/4586759?source1=aisle&source2=47600&source3=47600&impressionId=11b55cb0-d735-4266-9d7d-74bf4905a573",
   "FIELD9": ""
 },
 {
   "category": "Fill the Grill",
   "subcategory": "Fill the Grill Produce",
   "name": "Organic Blueberries",
   "price": "3.99",
   "description": "",
   "image": "https://d2lnr5mha7bycj.cloudfront.net/product-image/file/large_350d386c-8658-4313-8724-4c0f42a37ef2.jpg",
   "Image 2": "",
   "Product Link": "https://www.instacart.com/store/items/48651612?source1=aisle&source2=47600&source3=47600&impressionId=e5341e98-5246-427f-8058-d00fc7928023",
   "FIELD9": ""
 },
 {
   "category": "Fill the Grill",
   "subcategory": "Fill the Grill Produce",
   "name": "Organic Red Bell Pepper",
   "price": "3.36",
   "description": "Price Estimate: $3.36 ($6.59/lb � 0.51 lb)",
   "image": "https://d2lnr5mha7bycj.cloudfront.net/product-image/file/large_8534b9b7-d173-48a4-ae08-945ffce047dd.jpg",
   "Image 2": "",
   "Product Link": "https://www.instacart.com/store/items/4575724?source1=aisle&source2=47600&source3=47600&impressionId=3ec076ae-f772-40fb-9728-ff1582696d81",
   "FIELD9": ""
 },
 {
   "category": "Fill the Grill",
   "subcategory": "Fill the Grill Produce",
   "name": "Driscoll's Organic Blueberries",
   "price": "3.99",
   "description": "",
   "image": "https://d2lnr5mha7bycj.cloudfront.net/product-image/file/large_9dd6fb8f-d085-477f-abd1-bdb9ef53d535.jpg",
   "Image 2": "",
   "Product Link": "https://www.instacart.com/store/items/11696850?source1=aisle&source2=47600&source3=47600&impressionId=a47afdc1-4420-4ea6-b1fb-a107079c2cb7",
   "FIELD9": ""
 },
 {
   "category": "Fill the Grill",
   "subcategory": "Fill the Grill Produce",
   "name": "Organic Heirloom Tomatoes",
   "price": "3.46",
   "description": "Price Estimate: $3.46 ($5.49/lb � 0.63 lb)",
   "image": "https://d2lnr5mha7bycj.cloudfront.net/product-image/file/large_bfe9ad4d-8c94-4a13-9858-7f964013d019.jpg",
   "Image 2": "",
   "Product Link": "https://www.instacart.com/store/items/4467066?source1=aisle&source2=47600&source3=47600&impressionId=3e5f62b2-2620-40f0-adb9-efa22d569b5f",
   "FIELD9": ""
 },
 {
   "category": "Fill the Grill",
   "subcategory": "Fill the Grill Produce",
   "name": "Organic Peaches",
   "price": "1.4",
   "description": "Price Estimate: $1.40 ($4.39/lb � 0.32 lb)",
   "image": "https://d2lnr5mha7bycj.cloudfront.net/product-image/file/large_13d19b0f-bcd3-4dc9-8be8-7fcc58430769.jpg",
   "Image 2": "",
   "Product Link": "https://www.instacart.com/store/items/4490493?source1=aisle&source2=47600&source3=47600&impressionId=cf3a61e3-fa50-45ca-9f6e-0e20d60b4874",
   "FIELD9": ""
 },
 {
   "category": "Fill the Grill",
   "subcategory": "Fill the Grill Produce",
   "name": "White Sweet Corn",
   "price": "0.75",
   "description": "",
   "image": "https://d2lnr5mha7bycj.cloudfront.net/product-image/file/large_6210f92a-66b2-4fc2-a303-7ef4d78ff916.jpg",
   "Image 2": "",
   "Product Link": "https://www.instacart.com/store/items/4483664?source1=aisle&source2=47600&source3=47600&impressionId=09c4a393-73da-41e5-8b91-b78c382b7a1b",
   "FIELD9": ""
 },
 {
   "category": "Fill the Grill",
   "subcategory": "Meat & Seafood",
   "name": "Atlantic Salmon Fillet, Farm Raised",
   "price": "15.39/ lb",
   "description": "",
   "image": "https://d2lnr5mha7bycj.cloudfront.net/product-image/file/large_ff27b4aa-ffd6-4dd2-b344-c7eabb79b2ab.jpg",
   "Image 2": "",
   "Product Link": "https://www.instacart.com/store/items/22389544?source1=aisle&source2=23027&source3=23027&impressionId=bfb0cd82-82db-4db9-887a-059afa42678e",
   "FIELD9": ""
 },
 {
   "category": "Fill the Grill",
   "subcategory": "Meat & Seafood",
   "name": "Peeled and Deveined Raw White Shrimps 26/30, Farm Raised",
   "price": "16.49/ lb",
   "description": "",
   "image": "https://d2lnr5mha7bycj.cloudfront.net/product-image/file/large_673195ba-7a1b-4947-a8d4-2af4f6c965ac.jpg",
   "Image 2": "",
   "Product Link": "https://www.instacart.com/store/items/13868745?source1=aisle&source2=23027&source3=23027&impressionId=49b7a4c2-f76a-4786-a3f6-32e272b8ae6f",
   "FIELD9": ""
 },
 {
   "category": "Fill the Grill",
   "subcategory": "Meat & Seafood",
   "name": "85% Lean Ground Beef",
   "price": "6.59/ lb",
   "description": "",
   "image": "https://d2lnr5mha7bycj.cloudfront.net/product-image/file/large_10d1021e-3f50-4861-bc76-f0224a0085db.jpg",
   "Image 2": "",
   "Product Link": "https://www.instacart.com/store/items/22345693?source1=aisle&source2=23027&source3=23027&impressionId=ef00dc3f-8370-4b9d-a0d8-1a35c2f8a039",
   "FIELD9": ""
 },
 {
   "category": "Fill the Grill",
   "subcategory": "Meat & Seafood",
   "name": "Whole Foods Market Mild Italian Pork Sausage (link)",
   "price": "7.69/ lb",
   "description": "",
   "image": "https://d2lnr5mha7bycj.cloudfront.net/product-image/file/large_70701b00-2b4e-44e8-b032-bbcfd2dae9b8.jpg",
   "Image 2": "",
   "Product Link": "https://www.instacart.com/store/items/11147788?source1=aisle&source2=23027&source3=23027&impressionId=22e011c2-25fa-468d-b783-bde63d3f4e62",
   "FIELD9": ""
 },
 {
   "category": "Fill the Grill",
   "subcategory": "Meat & Seafood",
   "name": "Country Natural Beef New York Strip Loin Steak",
   "price": "18.69/ lb",
   "description": "",
   "image": "https://d2lnr5mha7bycj.cloudfront.net/product-image/file/large_ba1df9cd-f194-4872-8177-c289ceb0c94a.jpg",
   "Image 2": "",
   "Product Link": "https://www.instacart.com/store/items/21436572?source1=aisle&source2=23027&source3=23027&impressionId=a026db60-92a5-41b1-a336-a582392493b1",
   "FIELD9": ""
 },
 {
   "category": "Fill the Grill",
   "subcategory": "Meat & Seafood",
   "name": "Hot Italian Pork Sausage",
   "price": "7.69/ lb",
   "description": "",
   "image": "https://d2lnr5mha7bycj.cloudfront.net/product-image/file/large_2d5fae3b-5aea-461b-800d-f0ffa061f447.jpg",
   "Image 2": "",
   "Product Link": "https://www.instacart.com/store/items/30210749?source1=aisle&source2=23027&source3=23027&impressionId=4534e9d4-f24d-4aa1-8a37-550c13dbcb42",
   "FIELD9": ""
 },
 {
   "category": "Fill the Grill",
   "subcategory": "Meat & Seafood",
   "name": "Fresh King Salmon Fillet, Wild Caught",
   "price": "32.99/ lb",
   "description": "",
   "image": "https://d2lnr5mha7bycj.cloudfront.net/product-image/file/large_848169d3-6193-4edc-a738-033ca42f9d85.jpg",
   "Image 2": "",
   "Product Link": "https://www.instacart.com/store/items/13140745?source1=aisle&source2=23027&source3=23027&impressionId=2efe2df3-eba8-4fa9-830d-d834a69f6b22",
   "FIELD9": ""
 },
 {
   "category": "Fill the Grill",
   "subcategory": "Meat & Seafood",
   "name": "365 Uncured Beef Hot Dogs",
   "price": "5.99",
   "description": "",
   "image": "https://d2lnr5mha7bycj.cloudfront.net/product-image/file/large_fbe3b2fc-68a3-4ea6-8948-5273121e8741.jpg",
   "Image 2": "",
   "Product Link": "https://www.instacart.com/store/items/31988161?source1=aisle&source2=23027&source3=23027&impressionId=897e66f8-d009-49bf-adcb-60d538a55fa9",
   "FIELD9": ""
 },
 {
   "category": "Fill the Grill",
   "subcategory": "Meat & Seafood",
   "name": "Nature's Rancher Uncured Beef Hot Dogs",
   "price": "6.99",
   "description": "",
   "image": "https://d2lnr5mha7bycj.cloudfront.net/product-image/file/large_930cc125-201e-451a-b3fc-810ee7be6c38.jpg",
   "Image 2": "",
   "Product Link": "https://www.instacart.com/store/items/4509562?source1=aisle&source2=23027&source3=23027&impressionId=4e4ace2c-b883-4a6f-a533-3fb43d8ac44c",
   "FIELD9": ""
 },
 {
   "category": "Fill the Grill",
   "subcategory": "Meat & Seafood",
   "name": "Swordfish Steak",
   "price": "21.99/ lb",
   "description": "",
   "image": "https://d2lnr5mha7bycj.cloudfront.net/product-image/file/large_7832fd59-b57b-412a-9c9b-c1d173049df3.jpg",
   "Image 2": "",
   "Product Link": "https://www.instacart.com/store/items/13941562?source1=aisle&source2=23027&source3=23027&impressionId=f94b7c4c-81f3-4efe-acec-f069f4783c27",
   "FIELD9": ""
 },
 {
   "category": "Fill the Grill",
   "subcategory": "Meat & Seafood",
   "name": "Marine Stewardship Council Halibut Fillets",
   "price": "27.49/ lb",
   "description": "",
   "image": "https://d2lnr5mha7bycj.cloudfront.net/product-image/file/large_c8566485-de7b-40a0-8412-9ad70080d9ce.jpg",
   "Image 2": "",
   "Product Link": "https://www.instacart.com/store/items/21583290?source1=aisle&source2=23027&source3=23027&impressionId=21995353-0dcb-42df-a495-2e250df302e3",
   "FIELD9": ""
 },
 {
   "category": "Fill the Grill",
   "subcategory": "Meat & Seafood",
   "name": "Whole Foods Market Beef Kabob Marinated Vegetables",
   "price": "10.99/ lb",
   "description": "",
   "image": "https://d2lnr5mha7bycj.cloudfront.net/product-image/file/large_82d15d84-2317-45b2-8976-d8844c1d9ac1.jpg",
   "Image 2": "",
   "Product Link": "https://www.instacart.com/store/items/29950666?source1=aisle&source2=23027&source3=23027&impressionId=57015bd5-200c-4e68-ac7f-7c16ff228918",
   "FIELD9": ""
 },
 {
   "category": "Fill the Grill",
   "subcategory": "Meat & Seafood",
   "name": "In House Skewer Chicken Plain",
   "price": "10.99/ lb",
   "description": "",
   "image": "https://d2lnr5mha7bycj.cloudfront.net/product-image/file/large_3c9c00d8-cf6c-478b-8445-273327341a77.jpg",
   "Image 2": "",
   "Product Link": "https://www.instacart.com/store/items/29928978?source1=aisle&source2=23027&source3=23027&impressionId=de7e2797-a7a4-4b60-b46b-d203ee2ccb36",
   "FIELD9": ""
 },
 {
   "category": "Fill the Grill",
   "subcategory": "Meat & Seafood",
   "name": "Whole Catch Mahi Mahi Burgers",
   "price": "8.49",
   "description": "4 x 3.2 oz ",
   "image": "https://d2lnr5mha7bycj.cloudfront.net/product-image/file/large_dd225d51-2f43-40e1-a6a9-b54f30069ecf.jpg",
   "Image 2": "",
   "Product Link": "https://www.instacart.com/store/items/26139290?source1=aisle&source2=23027&source3=23027&impressionId=d29789ee-4312-4bf5-8cb7-170052f08273",
   "FIELD9": ""
 },
 {
   "category": "Fill the Grill",
   "subcategory": "Meat & Seafood",
   "name": "Boulder Natural Meats Chicken Breast Kabob",
   "price": "10.99/ lb",
   "description": "",
   "image": "https://d2lnr5mha7bycj.cloudfront.net/product-image/file/large_187823a3-41c5-4463-ab43-8bba04c4c039.jpg",
   "Image 2": "",
   "Product Link": "https://www.instacart.com/store/items/22072137?source1=aisle&source2=23027&source3=23027&impressionId=a792839c-6f15-43ce-b66e-8b55ac04e406",
   "FIELD9": ""
 },
 {
   "category": "Fill the Grill",
   "subcategory": "Vegan & Vegetarian",
   "name": "Organic Portabello Mushroom",
   "price": "8.79/ lb",
   "description": "",
   "image": "https://d2lnr5mha7bycj.cloudfront.net/product-image/file/large_05e363ce-7ce7-4941-9c11-bea94a7ae7b4.jpg",
   "Image 2": "",
   "Product Link": "https://www.instacart.com/store/items/4481879?source1=aisle&source2=23028&source3=23028&impressionId=38914ba6-76e7-4099-9fd3-ff6f7702f02c",
   "FIELD9": ""
 },
 {
   "category": "Fill the Grill",
   "subcategory": "Vegan & Vegetarian",
   "name": "Field Roast Grain Meat Chao Vegan Slices Creamy Original",
   "price": "5.99",
   "description": "7.0 oz ",
   "image": "https://d2lnr5mha7bycj.cloudfront.net/product-image/file/large_6669e512-32e3-419c-b0e2-8363c15f9354.jpg",
   "Image 2": "",
   "Product Link": "https://www.instacart.com/store/items/8251182?source1=aisle&source2=23028&source3=23028&impressionId=c89bf7d0-d2ec-4fb9-b9bf-654b563bddd0",
   "FIELD9": ""
 },
 {
   "category": "Fill the Grill",
   "subcategory": "Vegan & Vegetarian",
   "name": "Beyond Meat Meat Alternative Burger",
   "price": "5.99",
   "description": "2 x 4 oz ",
   "image": "https://d2lnr5mha7bycj.cloudfront.net/product-image/file/large_af419ccc-6964-4447-a257-9a5e59cc3d10.jpg",
   "Image 2": "",
   "Product Link": "https://www.instacart.com/store/items/49690641?source1=aisle&source2=23028&source3=23028&impressionId=f054a4c7-ed22-494f-a7c7-88ded170040a",
   "FIELD9": ""
 },
 {
   "category": "Fill the Grill",
   "subcategory": "Vegan & Vegetarian",
   "name": "Daiya Deliciously Dairy Free Cheddar Style Slices",
   "price": "4.99",
   "description": "11 ct ",
   "image": "https://d2lnr5mha7bycj.cloudfront.net/product-image/file/large_e4ab9f6e-0a5f-4494-8111-77b88a0aeb14.jpg",
   "Image 2": "",
   "Product Link": "https://www.instacart.com/store/items/4520144?source1=aisle&source2=23028&source3=23028&impressionId=4e569820-8a88-487d-bbd7-61e10c1e8a4c",
   "FIELD9": ""
 },
 {
   "category": "Fill the Grill",
   "subcategory": "Vegan & Vegetarian",
   "name": "Beyond Beef Beyond Meat 100% Plant Protein Beast Burger 1/4 lb. Patties",
   "price": "6.49",
   "description": "2 x 4 oz ",
   "image": "https://d2lnr5mha7bycj.cloudfront.net/product-image/file/large_f312cb2a-3116-44a2-95d2-c889810205d3.jpg",
   "Image 2": "",
   "Product Link": "https://www.instacart.com/store/items/12868249?source1=aisle&source2=23028&source3=23028&impressionId=2756b8f5-2def-4a95-a70c-052eacc0c74f",
   "FIELD9": ""
 },
 {
   "category": "Fill the Grill",
   "subcategory": "Vegan & Vegetarian",
   "name": "Taylor Farms Organic Asian Ginger Chopped Salad",
   "price": "4.99",
   "description": "13.26 oz ",
   "image": "https://d2lnr5mha7bycj.cloudfront.net/product-image/file/large_bd1280dd-762d-4a39-a86d-a6714e894310.jpg",
   "Image 2": "",
   "Product Link": "https://www.instacart.com/store/items/44360242?source1=aisle&source2=23028&source3=23028&impressionId=09476350-1726-41c3-85c3-b7921ca714e0",
   "FIELD9": ""
 },
 {
   "category": "Fill the Grill",
   "subcategory": "Vegan & Vegetarian",
   "name": "Lightlife Jumbo Veggie Protein Smart Dogs Links",
   "price": "4.99",
   "description": "13.5 oz",
   "image": "https://d2lnr5mha7bycj.cloudfront.net/product-image/file/large_b3b924aa-1337-48db-abf0-3870fb9dc416.jpg",
   "Image 2": "",
   "Product Link": "https://www.instacart.com/store/items/21007948?source1=aisle&source2=23028&source3=23028&impressionId=a90e162e-be15-45e2-a89f-04f447a3ae5d",
   "FIELD9": ""
 },
 {
   "category": "Fill the Grill",
   "subcategory": "Vegan & Vegetarian",
   "name": "Amy's Black Bean Veggie Burger - 4 CT",
   "price": "5.69",
   "description": "10.0 oz ",
   "image": "https://d2lnr5mha7bycj.cloudfront.net/product-image/file/large_89e565e8-be2b-4d9a-a15d-200e5090b88d.jpg",
   "Image 2": "",
   "Product Link": "https://www.instacart.com/store/items/29950601?source1=aisle&source2=23028&source3=23028&impressionId=78b7545d-38fa-4fb3-b56a-2716f4e5c05f",
   "FIELD9": ""
 },
 {
   "category": "Fill the Grill",
   "subcategory": "Vegan & Vegetarian",
   "name": "Amy's California Veggie Burger",
   "price": "5.99",
   "description": "4 ct ",
   "image": "https://d2lnr5mha7bycj.cloudfront.net/product-image/file/large_605bed59-2374-4694-96fd-c99764b98e4f.jpg",
   "Image 2": "",
   "Product Link": "https://www.instacart.com/store/items/29471892?source1=aisle&source2=23028&source3=23028&impressionId=aef16e67-b992-45a2-9221-9a3be8a9c8a1",
   "FIELD9": ""
 },
 {
   "category": "Fill the Grill",
   "subcategory": "Vegan & Vegetarian",
   "name": "365 Veggie Dogs",
   "price": "3.99",
   "description": "12 oz",
   "image": "https://d2lnr5mha7bycj.cloudfront.net/product-image/file/large_e2a865fc-358e-4825-9fc5-f18996c8c03c.jpg",
   "Image 2": "",
   "Product Link": "https://www.instacart.com/store/items/4563334?source1=aisle&source2=23028&source3=23028&impressionId=9e43f19e-77e3-4b6a-baea-364217e68588",
   "FIELD9": ""
 },
 {
   "category": "Fill the Grill",
   "subcategory": "Vegan & Vegetarian",
   "name": "Field Roast Grain Meat Sausages Vegetarian Mexican Chipotle - 4 CT",
   "price": "5.49",
   "description": "12.95 oz ",
   "image": "https://d2lnr5mha7bycj.cloudfront.net/product-image/file/large_c5c078c7-f643-41fd-92ed-f2087c4122c3.jpg",
   "Image 2": "",
   "Product Link": "https://www.instacart.com/store/items/4468044?source1=aisle&source2=23028&source3=23028&impressionId=ed641d87-9adf-400e-81d0-29923c115202",
   "FIELD9": ""
 },
 {
   "category": "Fill the Grill",
   "subcategory": "Vegan & Vegetarian",
   "name": "Follow Your Heart High Omega Vegan Ranch Salad Dressing",
   "price": "3.99",
   "description": "12 oz ",
   "image": "https://d2lnr5mha7bycj.cloudfront.net/product-image/file/large_b7181d2a-4694-47c3-892a-fc3ced79b718.jpg",
   "Image 2": "",
   "Product Link": "https://www.instacart.com/store/items/8568201?source1=aisle&source2=23028&source3=23028&impressionId=44b6372f-8965-4db3-adf1-c46d4ebaa947",
   "FIELD9": ""
 },
 {
   "category": "Fill the Grill",
   "subcategory": "Vegan & Vegetarian",
   "name": "Amy's Organic Gluten and Dairy Free Sonoma Veggie Burger",
   "price": "6.99",
   "description": "10 oz",
   "image": "https://d2lnr5mha7bycj.cloudfront.net/product-image/file/large_d2f2a3c0-ee04-43c9-9694-bdb0636d24a5.jpg",
   "Image 2": "",
   "Product Link": "https://www.instacart.com/store/items/18483564?source1=aisle&source2=23028&source3=23028&impressionId=986fc66f-f882-407b-afad-54128d0eed93",
   "FIELD9": ""
 },
 {
   "category": "Fill the Grill",
   "subcategory": "Vegan & Vegetarian",
   "name": "Amy's Organic All American Veggie Burger",
   "price": "5.99",
   "description": "10 oz",
   "image": "https://d2lnr5mha7bycj.cloudfront.net/product-image/file/large_ea662765-6efa-4522-9585-902d8165f6e3.jpg",
   "Image 2": "",
   "Product Link": "https://www.instacart.com/store/items/4489051?source1=aisle&source2=23028&source3=23028&impressionId=b748dcba-d98b-4a1d-b191-e45fcc6ea7ee",
   "FIELD9": ""
 },
 {
   "category": "Fill the Grill",
   "subcategory": "Vegan & Vegetarian",
   "name": "Whole Foods Market Veggie Kabob Pack",
   "price": "6.99",
   "description": "1.25 lbs ",
   "image": "https://d2lnr5mha7bycj.cloudfront.net/product-image/file/large_221c2c27-41ed-4746-8666-60debdcbe77c.jpg",
   "Image 2": "",
   "Product Link": "https://www.instacart.com/store/items/68761280?source1=aisle&source2=23028&source3=23028&impressionId=ffecdbcf-bcd0-49e5-9cef-3db79484e64c",
   "FIELD9": ""
 },
 {
   "category": "Fill the Grill",
   "subcategory": "Condiments & Sides",
   "name": "365 Organic Romaine Salad",
   "price": "2.49",
   "description": "10 oz ",
   "image": "https://d2lnr5mha7bycj.cloudfront.net/product-image/file/large_0d068969-72bc-4bb8-ae33-776500115b37.jpg",
   "Image 2": "",
   "Product Link": "https://www.instacart.com/store/items/8229961?source1=aisle&source2=23061&source3=23061&impressionId=893aad4b-5399-45c2-96de-4a1836109134",
   "FIELD9": ""
 },
 {
   "category": "Fill the Grill",
   "subcategory": "Condiments & Sides",
   "name": "365 Organic Ketchup",
   "price": "2.19",
   "description": "24 oz ",
   "image": "https://d2lnr5mha7bycj.cloudfront.net/product-image/file/large_7c4cc4fc-6c82-4114-b257-2713ac96485e.jpg",
   "Image 2": "",
   "Product Link": "https://www.instacart.com/store/items/4488476?source1=aisle&source2=23061&source3=23061&impressionId=79b6e1d2-9240-45e7-b522-0ba112f0ee14",
   "FIELD9": ""
 },
 {
   "category": "Fill the Grill",
   "subcategory": "Condiments & Sides",
   "name": "365 Emmentaler Swiss Slices",
   "price": "8.99",
   "description": "12 oz ",
   "image": "https://d2lnr5mha7bycj.cloudfront.net/product-image/file/large_0f705e5f-263a-481b-a66d-fa0d27251764.jpg",
   "Image 2": "",
   "Product Link": "https://www.instacart.com/store/items/4513355?source1=aisle&source2=23061&source3=23061&impressionId=a3cfbf1b-5ec5-4078-80e2-a0c608785bfa",
   "FIELD9": ""
 },
 {
   "category": "Fill the Grill",
   "subcategory": "Condiments & Sides",
   "name": "365 Organic Squeezable Mayonnaise",
   "price": "2.99",
   "description": "11.2 fl oz ",
   "image": "https://d2lnr5mha7bycj.cloudfront.net/product-image/file/large_085bf8fb-44d1-4491-95e6-b58936013855.jpg",
   "Image 2": "",
   "Product Link": "https://www.instacart.com/store/items/4538690?source1=aisle&source2=23061&source3=23061&impressionId=21f17019-12b3-4c07-8ea9-56167f5052bb",
   "FIELD9": ""
 },
 {
   "category": "Fill the Grill",
   "subcategory": "Condiments & Sides",
   "name": "365 Organic Dijon Mustard",
   "price": "2",
   "description": "8 oz ",
   "image": "https://d2lnr5mha7bycj.cloudfront.net/product-image/file/large_da380049-bfbe-4667-a751-67744485d40d.jpg",
   "Image 2": "",
   "Product Link": "https://www.instacart.com/store/items/4488868?source1=aisle&source2=23061&source3=23061&impressionId=efb9bca5-a3be-4faf-96b7-5c3efa010498",
   "FIELD9": ""
 },
 {
   "category": "Fill the Grill",
   "subcategory": "Condiments & Sides",
   "name": "Euro Classic Imports Authentic French Brioche Hamburger Buns Pre-Sliced - 6 CT",
   "price": "6.99",
   "description": "10.58 oz ",
   "image": "https://d2lnr5mha7bycj.cloudfront.net/product-image/file/large_2b244f8c-488c-4615-afe2-c856c5fbb87c.jpg",
   "Image 2": "",
   "Product Link": "https://www.instacart.com/store/items/18711661?source1=aisle&source2=23061&source3=23061&impressionId=967ebe2f-aa9e-452e-84ca-d6e48aa338fa",
   "FIELD9": ""
 },
 {
   "category": "Fill the Grill",
   "subcategory": "Condiments & Sides",
   "name": "365 Organic Baked Beans",
   "price": "1.48",
   "description": "15 oz ",
   "image": "https://d2lnr5mha7bycj.cloudfront.net/product-image/file/large_e3472601-6a34-4c42-a473-86f1242766a3.jpg",
   "Image 2": "",
   "Product Link": "https://www.instacart.com/store/items/4486845?source1=aisle&source2=23061&source3=23061&impressionId=0a0272ab-d417-41c0-8cb6-6af1be4e9591",
   "FIELD9": ""
 },
 {
   "category": "Fill the Grill",
   "subcategory": "Condiments & Sides",
   "name": "365 Hickory Smoked Sliced Cheddar Cheese",
   "price": "8.99",
   "description": "12 x 1 oz ",
   "image": "https://d2lnr5mha7bycj.cloudfront.net/product-image/file/large_e2244c5c-24ab-407c-9936-7524d990bdf8.jpg",
   "Image 2": "",
   "Product Link": "https://www.instacart.com/store/items/4516840?source1=aisle&source2=23061&source3=23061&impressionId=b70a8e5e-a3b5-4b02-a982-f6d8b0c1e0be",
   "FIELD9": ""
 },
 {
   "category": "Fill the Grill",
   "subcategory": "Condiments & Sides",
   "name": "365 Wheat Hamburger Buns, 8 Pack",
   "price": "2.99",
   "description": "15 oz ",
   "image": "https://d2lnr5mha7bycj.cloudfront.net/product-image/file/large_20f4e067-3300-4a5b-8406-48fac1c9b130.jpg",
   "Image 2": "",
   "Product Link": "https://www.instacart.com/store/items/16195474?source1=aisle&source2=23061&source3=23061&impressionId=08089829-63ab-48aa-9e2f-0b79ec4982d1",
   "FIELD9": ""
 },
 {
   "category": "Fill the Grill",
   "subcategory": "Condiments & Sides",
   "name": "365 White Hot Dog Buns",
   "price": "2.99",
   "description": "14 oz ",
   "image": "https://d2lnr5mha7bycj.cloudfront.net/product-image/file/large_19dcab81-bd4d-4bc6-9868-9b48d2513c26.jpg",
   "Image 2": "",
   "Product Link": "https://www.instacart.com/store/items/21540806?source1=aisle&source2=23061&source3=23061&impressionId=caef0969-6daa-4827-82bb-bef118e11a14",
   "FIELD9": ""
 },
 {
   "category": "Fill the Grill",
   "subcategory": "Condiments & Sides",
   "name": "365 Organic Sauerkraut",
   "price": "3.99",
   "description": "32 fl oz ",
   "image": "https://d2lnr5mha7bycj.cloudfront.net/product-image/file/large_33ef2e17-3085-49c9-a78f-cf039207e597.jpg",
   "Image 2": "",
   "Product Link": "https://www.instacart.com/store/items/4475948?source1=aisle&source2=23061&source3=23061&impressionId=c4d250e9-3865-47f6-81a6-0e89fc17d966",
   "FIELD9": ""
 },
 {
   "category": "Fill the Grill",
   "subcategory": "Condiments & Sides",
   "name": "365 Organic Honey Mustard",
   "price": "2",
   "description": "8 oz ",
   "image": "https://d2lnr5mha7bycj.cloudfront.net/product-image/file/large_be271d15-7cf1-4d62-966a-e7e1e95f96c9.jpg",
   "Image 2": "",
   "Product Link": "https://www.instacart.com/store/items/4476991?source1=aisle&source2=23061&source3=23061&impressionId=b47d22ca-0633-4313-8582-a282b84f976c",
   "FIELD9": ""
 },
 {
   "category": "Fill the Grill",
   "subcategory": "Condiments & Sides",
   "name": "365 Organic Bread And Butter Pickle Chips",
   "price": "3.89",
   "description": "24 fl oz ",
   "image": "https://d2lnr5mha7bycj.cloudfront.net/product-image/file/large_3194f191-9c13-463b-9717-33e5be4a48a0.jpg",
   "Image 2": "",
   "Product Link": "https://www.instacart.com/store/items/4488064?source1=aisle&source2=23061&source3=23061&impressionId=1aee315e-edfa-4d77-aa35-55edb47a3888",
   "FIELD9": ""
 },
 {
   "category": "Fill the Grill",
   "subcategory": "Condiments & Sides",
   "name": "365 Organic Sweet Relish",
   "price": "2.89",
   "description": "10 fl oz ",
   "image": "https://d2lnr5mha7bycj.cloudfront.net/product-image/file/large_e9ccae5f-ba1d-4d38-9f18-697dcfb97b36.jpg",
   "Image 2": "",
   "Product Link": "https://www.instacart.com/store/items/4539207?source1=aisle&source2=23061&source3=23061&impressionId=c0457065-b8e2-46b9-b874-2f4e6920da16",
   "FIELD9": ""
 },
 {
   "category": "Fill the Grill",
   "subcategory": "Condiments & Sides",
   "name": "Taylor Farms Organic Sriracha Ranch Chopped Salad",
   "price": "4.99",
   "description": "12.8 oz ",
   "image": "https://d2lnr5mha7bycj.cloudfront.net/product-image/file/large_3adf9282-37f5-4f12-ae66-f265835d525d.jpg",
   "Image 2": "",
   "Product Link": "https://www.instacart.com/store/items/44396085?source1=aisle&source2=23061&source3=23061&impressionId=c7120ed8-fbdc-4540-a77e-8a019d3210ab",
   "FIELD9": ""
 },
 {
   "category": "Fill the Grill",
   "subcategory": "Condiments & Sides",
   "name": "Taylor Farms Organic Asian Ginger Chopped Salad",
   "price": "4.99",
   "description": "13.26 oz ",
   "image": "https://d2lnr5mha7bycj.cloudfront.net/product-image/file/large_bd1280dd-762d-4a39-a86d-a6714e894310.jpg",
   "Image 2": "",
   "Product Link": "https://www.instacart.com/store/items/44360242?source1=aisle&source2=23061&source3=23061&impressionId=2668cc43-ddd9-4dd4-80bd-ab94956856a0",
   "FIELD9": ""
 },
 {
   "category": "Fill the Grill",
   "subcategory": "Condiments & Sides",
   "name": "Primal Kitchen Mayo with Avocado Oil",
   "price": "9.99",
   "description": "12.0 fl oz ",
   "image": "https://d2lnr5mha7bycj.cloudfront.net/product-image/file/large_a70e598b-e236-406d-9c89-90879858557b.jpg",
   "Image 2": "",
   "Product Link": "https://www.instacart.com/store/items/13868343?source1=aisle&source2=23061&source3=23061&impressionId=2fe6ade6-6bde-48cf-8c9f-a10d1e4d3017",
   "FIELD9": ""
 },
 {
   "category": "Fill the Grill",
   "subcategory": "Condiments & Sides",
   "name": "365 Organic German Mustard",
   "price": "2",
   "description": "8 oz ",
   "image": "https://d2lnr5mha7bycj.cloudfront.net/product-image/file/large_528e8f82-67fa-4250-8422-6020305e240c.jpg",
   "Image 2": "",
   "Product Link": "https://www.instacart.com/store/items/4488821?source1=aisle&source2=23061&source3=23061&impressionId=97f7170d-a370-47bd-a1ff-81b8c3280566",
   "FIELD9": ""
 },
 {
   "category": "Fill the Grill",
   "subcategory": "Condiments & Sides",
   "name": "365 Organic Memphis Madness BBQ Sauce",
   "price": "3.99",
   "description": "18.5 oz ",
   "image": "https://d2lnr5mha7bycj.cloudfront.net/product-image/file/large_1ab03ad0-655a-41e9-ad9c-38fdb52e4133.jpg",
   "Image 2": "",
   "Product Link": "https://www.instacart.com/store/items/14007021?source1=aisle&source2=23061&source3=23061&impressionId=5acd5ff9-11a8-4994-98b7-f2ae440efeb2",
   "FIELD9": ""
 },
 {
   "category": "Fill the Grill",
   "subcategory": "Condiments & Sides",
   "name": "Udi's Gluten-Free Hot Dog Buns",
   "price": "5.49",
   "description": "14.4 oz ",
   "image": "https://d2lnr5mha7bycj.cloudfront.net/product-image/file/large_64623c29-5c84-42d0-920c-ec18e44ad52b.JPG",
   "Image 2": "",
   "Product Link": "https://www.instacart.com/store/items/4499579?source1=aisle&source2=23061&source3=23061&impressionId=aaf269ae-e82d-45da-94ae-69bb6fed8155",
   "FIELD9": ""
 },
 {
   "category": "Produce",
   "subcategory": "Fresh Vegetables",
   "name": "Organic Hass Avocado",
   "price": "2.99",
   "description": "",
   "image": "https://d2lnr5mha7bycj.cloudfront.net/product-image/file/large_da17a625-fa60-480b-81b0-c35ca6aad5e6.jpg",
   "Image 2": "",
   "Product Link": "https://www.instacart.com/store/items/4457927?source1=aisle&source2=516&source3=516&impressionId=a5984f20-11fc-43bc-a0fc-8a33b131b1f4",
   "FIELD9": ""
 },
 {
   "category": "Produce",
   "subcategory": "Fresh Vegetables",
   "name": "Avocado",
   "price": "2.49",
   "description": "",
   "image": "https://d2lnr5mha7bycj.cloudfront.net/product-image/file/large_13bd8379-cafe-4e01-a16c-101358a3a23d.jpg",
   "Image 2": "",
   "Product Link": "https://www.instacart.com/store/items/4481384?source1=aisle&source2=516&source3=516&impressionId=ba0acaff-f576-4e1b-add0-1cca02b396eb",
   "FIELD9": ""
 },
 {
   "category": "Produce",
   "subcategory": "Fresh Vegetables",
   "name": "Organic Zucchini Squash",
   "price": "1.76",
   "description": "Price Estimate: $1.76 ($4.39/lb � 0.40 lb)",
   "image": "https://d2lnr5mha7bycj.cloudfront.net/product-image/file/large_0402e272-7075-4676-8216-473f9f0207ac.jpg",
   "Image 2": "",
   "Product Link": "https://www.instacart.com/store/items/21225986?source1=aisle&source2=516&source3=516&impressionId=c906ec25-aa57-43df-bb97-a7a0eea632a9",
   "FIELD9": ""
 },
 {
   "category": "Produce",
   "subcategory": "Fresh Vegetables",
   "name": "Organic Yellow Onion",
   "price": "1.4",
   "description": "Price Estimate: $1.40 ($1.89/lb � 0.74 lb)",
   "image": "https://d2lnr5mha7bycj.cloudfront.net/product-image/file/large_b14676ec-2d66-4d94-8bdb-7d78abcb46b8.jpg",
   "Image 2": "",
   "Product Link": "https://www.instacart.com/store/items/4575727?source1=aisle&source2=516&source3=516&impressionId=8f30dc38-2389-4b2b-a44d-95a86ac38fe9",
   "FIELD9": ""
 },
 {
   "category": "Produce",
   "subcategory": "Fresh Vegetables",
   "name": "Organic Green Onions, Bunch",
   "price": "1.29",
   "description": "",
   "image": "https://d2lnr5mha7bycj.cloudfront.net/product-image/file/large_f296e5a2-8e44-497d-b851-a89a86662ca8.jpg",
   "Image 2": "",
   "Product Link": "https://www.instacart.com/store/items/4462973?source1=aisle&source2=516&source3=516&impressionId=05a98679-09a3-4d88-ac2c-81fb2cd37685",
   "FIELD9": ""
 },
 {
   "category": "Produce",
   "subcategory": "Fresh Vegetables",
   "name": "Organic Cucumber",
   "price": "1.69",
   "description": "per lb ",
   "image": "https://d2lnr5mha7bycj.cloudfront.net/product-image/file/large_9d2b5e48-058e-499d-acad-6c675776c35b.jpg",
   "Image 2": "",
   "Product Link": "https://www.instacart.com/store/items/4575706?source1=aisle&source2=516&source3=516&impressionId=47df3637-af0d-4f62-851b-af3d89e2f11b",
   "FIELD9": ""
 },
 {
   "category": "Produce",
   "subcategory": "Fresh Vegetables",
   "name": "Organic Red Onion",
   "price": "1.6",
   "description": " Price Estimate: $1.60 ($2.19/lb � 0.73 lb)",
   "image": "https://d2lnr5mha7bycj.cloudfront.net/product-image/file/large_55e5259d-438f-4358-89cb-683a8f4874de.jpg",
   "Image 2": "",
   "Product Link": "https://www.instacart.com/store/items/23800001?source1=aisle&source2=516&source3=516&impressionId=b191399f-6370-4ac0-b8d0-2bfa41dbc227",
   "FIELD9": ""
 },
 {
   "category": "Produce",
   "subcategory": "Fresh Vegetables",
   "name": "Organic Celery",
   "price": "3",
   "description": "",
   "image": "https://d2lnr5mha7bycj.cloudfront.net/product-image/file/large_98280897-a830-4ab8-a02c-7c1f303104fb.jpg",
   "Image 2": "",
   "Product Link": "https://www.instacart.com/store/items/4575714?source1=aisle&source2=516&source3=516&impressionId=972d0277-b978-4266-a1d4-a75b42d9443f",
   "FIELD9": ""
 },
 {
   "category": "Produce",
   "subcategory": "Fresh Vegetables",
   "name": "Organic Garnet Sweet Potato (Yam)",
   "price": "1.73",
   "description": "Price Estimate: $1.73 ($2.19/lb � 0.79 lb)",
   "image": "https://d2lnr5mha7bycj.cloudfront.net/product-image/file/large_477a3e38-7d72-4c06-a4ac-8a59201ddac1.jpg",
   "Image 2": "",
   "Product Link": "https://www.instacart.com/store/items/4595206?source1=aisle&source2=516&source3=516&impressionId=d03b7bc4-f712-4195-8a07-c558a4353591",
   "FIELD9": ""
 },
 {
   "category": "Produce",
   "subcategory": "Fresh Vegetables",
   "name": "Yellow Onions, Loose",
   "price": "0.94",
   "description": "Price Estimate: $0.94 ($1.09/lb � 0.86 lb)",
   "image": "https://d2lnr5mha7bycj.cloudfront.net/product-image/file/large_d09366f5-e5ad-4ec3-ab41-67b3a676fcb8.jpg",
   "Image 2": "",
   "Product Link": "https://www.instacart.com/store/items/4482152?source1=aisle&source2=516&source3=516&impressionId=3649ac78-d560-4ef1-9eb0-7ede66bb066d",
   "FIELD9": ""
 },
 {
   "category": "Produce",
   "subcategory": "Fresh Vegetables",
   "name": "Deep Root Kale Bunch",
   "price": "2.49",
   "description": "",
   "image": "https://d2lnr5mha7bycj.cloudfront.net/product-image/file/large_dbe2344e-7f67-4887-b7b7-188803caa0c9.jpg",
   "Image 2": "",
   "Product Link": "https://www.instacart.com/store/items/4482244?source1=aisle&source2=516&source3=516&impressionId=4a234f22-a885-411e-b5cb-2fc8dbeeade4",
   "FIELD9": ""
 },
 {
   "category": "Produce",
   "subcategory": "Fresh Vegetables",
   "name": "Local Asparagus",
   "price": "5.98",
   "description": "Price Estimate: $5.98 ($5.49/lb � 1.09 lb)",
   "image": "https://d2lnr5mha7bycj.cloudfront.net/product-image/file/large_7b757912-89ea-4f37-8aa6-3290d90eeb43.jpg",
   "Image 2": "",
   "Product Link": "https://www.instacart.com/store/items/4483422?source1=aisle&source2=516&source3=516&impressionId=b9f27ded-d78e-4a2b-a480-b4b71b9af1eb",
   "FIELD9": ""
 },

 {
   "category": "Produce",
   "subcategory": "Fresh Vegetables",
   "name": "Organic Fresh Cauliflower",
   "price": "5.33",
   "description": "Price Estimate: $5.33 ($2.79/lb � 1.91 lb)",
   "image": "https://d2lnr5mha7bycj.cloudfront.net/product-image/file/large_6b9efa34-c4d2-4734-9e9c-a7e22dcaab62.jpg",
   "Image 2": "",
   "Product Link": "https://www.instacart.com/store/items/4461772?source1=aisle&source2=516&source3=516&impressionId=1fb21e4f-07ee-49a5-88bf-d4841b0fb871",
   "FIELD9": ""
 },
 {
   "category": "Produce",
   "subcategory": "Fresh Vegetables",
   "name": "Organic Red On the Vine Tomato",
   "price": "2.28",
   "description": "Price Estimate: $2.28 ($4.39/lb � 0.52 lb)",
   "image": "https://d2lnr5mha7bycj.cloudfront.net/product-image/file/large_8870f6c1-8ba1-444b-9549-3638ddf217eb.jpg",
   "Image 2": "",
   "Product Link": "https://www.instacart.com/store/items/4481443?source1=aisle&source2=516&source3=516&impressionId=4e01290b-bafc-42ad-9eaf-7e5ed74069f2",
   "FIELD9": ""
 },
 {
   "category": "Produce",
   "subcategory": "Fresh Vegetables",
   "name": "Strawberries",
   "price": "2.99",
   "description": "16 oz ",
   "image": "https://d2lnr5mha7bycj.cloudfront.net/product-image/file/large_6f4c824f-2e41-4910-9b03-c1c129004c9f.jpg",
   "Image 2": "",
   "Product Link": "https://www.instacart.com/store/items/19496051?source1=aisle&source2=516&source3=516&impressionId=58c2f108-54fa-4dcd-9198-9d62f9a3473e",
   "FIELD9": ""
 },
 {
   "category": "Produce",
   "subcategory": "Fresh Vegetables",
   "name": "Produce Organic Ginger Root",
   "price": "1.65",
   "description": "Price Estimate: $1.65 ($6.59/lb � 0.25 lb)",
   "image": "https://d2lnr5mha7bycj.cloudfront.net/product-image/file/large_a3814542-355a-4557-8026-f0dfe18e3dfb.jpg",
   "Image 2": "",
   "Product Link": "https://www.instacart.com/store/items/4592712?source1=aisle&source2=516&source3=516&impressionId=8b617e10-3ea3-4e0e-bfdd-1a9f920b6029",
   "FIELD9": ""
 },
 {
   "category": "Produce",
   "subcategory": "Fresh Vegetables",
   "name": "Red Bell Pepper",
   "price": "2.11",
   "description": "Price Estimate: $2.11 ($4.39/lb � 0.48 lb)",
   "image": "https://d2lnr5mha7bycj.cloudfront.net/product-image/file/large_8c220dda-7f95-4f3e-ac6f-b8cf25593f8b.jpg",
   "Image 2": "",
   "Product Link": "https://www.instacart.com/store/items/4586759?source1=aisle&source2=516&source3=516&impressionId=8baf99a2-b81f-47e5-87e9-2a494dfcec3a",
   "FIELD9": ""
 },
 {
   "category": "Produce",
   "subcategory": "Fresh Vegetables",
   "name": "Hass Avocado, Small",
   "price": "2.49",
   "description": "",
   "image": "https://d2lnr5mha7bycj.cloudfront.net/product-image/file/large_bcb00e2e-0373-4aa5-acef-515e35726278.jpg",
   "Image 2": "",
   "Product Link": "https://www.instacart.com/store/items/4504225?source1=aisle&source2=516&source3=516&impressionId=2c43ec25-c10d-4959-830b-3229879e61d1",
   "FIELD9": ""
 },
 {
   "category": "Produce",
   "subcategory": "Fresh Vegetables",
   "name": "Organic Red Bell Pepper",
   "price": "3.36",
   "description": " Price Estimate: $3.36 ($6.59/lb � 0.51 lb)",
   "image": "https://d2lnr5mha7bycj.cloudfront.net/product-image/file/large_8534b9b7-d173-48a4-ae08-945ffce047dd.jpg",
   "Image 2": "",
   "Product Link": "https://www.instacart.com/store/items/4575724?source1=aisle&source2=516&source3=516&impressionId=c1c8b0e2-1bb3-4b99-8a1b-341d0943d34e",
   "FIELD9": ""
 },
 {
   "category": "Produce",
   "subcategory": "Fresh Fruits",
   "name": "Organic Bananas",
   "price": "0.38",
   "description": "Price Estimate: $0.38 ($1.09/lb � 0.35 lb)",
   "image": "https://d2lnr5mha7bycj.cloudfront.net/product-image/file/large_bf062880-0968-4b05-b232-fbc20834a943.jpg",
   "Image 2": "",
   "Product Link": "https://www.instacart.com/store/items/29606648?source1=aisle&source2=513&source3=513&impressionId=ce5b1dfb-1ca0-46d8-a9ca-ae9d37a64f9a",
   "FIELD9": ""
 },
 {
   "category": "Produce",
   "subcategory": "Fresh Fruits",
   "name": "Banana",
   "price": "0.38",
   "description": "Price Estimate: $1.14 ($0.89/lb � 1.29 lb)",
   "image": "https://d2lnr5mha7bycj.cloudfront.net/product-image/file/large_dd6d444f-7de2-4206-a6b2-2ee18bb015f2.jpg",
   "Image 2": "",
   "Product Link": "https://www.instacart.com/store/items/4586747?source1=aisle&source2=513&source3=513&impressionId=72eaba79-cb57-4733-9038-e5fca2df2325",
   "FIELD9": ""
 },
 {
   "category": "Produce",
   "subcategory": "Fresh Fruits",
   "name": "Organic Hass Avocado",
   "price": "2.99",
   "description": "",
   "image": "https://d2lnr5mha7bycj.cloudfront.net/product-image/file/large_da17a625-fa60-480b-81b0-c35ca6aad5e6.jpg",
   "Image 2": "",
   "Product Link": "https://www.instacart.com/store/items/4457927?source1=aisle&source2=513&source3=513&impressionId=d019a9e7-8188-4d50-9057-e201a4070b51",
   "FIELD9": ""
 },
 {
   "category": "Produce",
   "subcategory": "Fresh Fruits",
   "name": "Organic Strawberries",
   "price": "4.99",
   "description": "16 oz ",
   "image": "https://d2lnr5mha7bycj.cloudfront.net/product-image/file/large_6ff94ebf-85d0-4d7e-9db3-135ab6617384.jpg",
   "Image 2": "",
   "Product Link": "https://www.instacart.com/store/items/6829412?source1=aisle&source2=513&source3=513&impressionId=da528153-0921-4285-997b-a133a9b8ab84",
   "FIELD9": ""
 },
 {
   "category": "Produce",
   "subcategory": "Fresh Fruits",
   "name": "Lemon",
   "price": "0.99",
   "description": "",
   "image": "https://d2lnr5mha7bycj.cloudfront.net/product-image/file/large_c26df054-6d3a-4616-bcdd-6d8dbe72608f.jpg",
   "Image 2": "",
   "Product Link": "https://www.instacart.com/store/items/4495696?source1=aisle&source2=513&source3=513&impressionId=bfc630d1-f459-4b2c-a673-4fd58f24e666",
   "FIELD9": ""
 },
 {
   "category": "Produce",
   "subcategory": "Fresh Fruits",
   "name": "Limes",
   "price": "0.39",
   "description": "",
   "image": "https://d2lnr5mha7bycj.cloudfront.net/product-image/file/large_b2a84315-c3a0-43a3-bd59-cf4308c0eaf5.jpg",
   "Image 2": "",
   "Product Link": "https://www.instacart.com/store/items/4586751?source1=aisle&source2=513&source3=513&impressionId=02d50b0a-3418-4f43-8a16-a9480f16d92c",
   "FIELD9": ""
 },
 {
   "category": "Produce",
   "subcategory": "Fresh Fruits",
   "name": "Organic Raspberries",
   "price": "4.99",
   "description": "6 oz ",
   "image": "https://d2lnr5mha7bycj.cloudfront.net/product-image/file/large_6bdcc1e5-1c03-4833-b918-21c82a3c81f1.jpg",
   "Image 2": "",
   "Product Link": "https://www.instacart.com/store/items/29588808?source1=aisle&source2=513&source3=513&impressionId=b357c471-e257-477b-aefd-d691218a325b",
   "FIELD9": ""
 },
 {
   "category": "Produce",
   "subcategory": "Fresh Fruits",
   "name": "Organic Honeycrisp Apple",
   "price": "2",
   "description": "Price Estimate: $2.00 ($4.99/lb � 0.40 lb)",
   "image": "https://d2lnr5mha7bycj.cloudfront.net/product-image/file/large_779903a6-6ff9-4745-a41f-d2e9ec4683c1.jpg",
   "Image 2": "",
   "Product Link": "https://www.instacart.com/store/items/4467657?source1=aisle&source2=513&source3=513&impressionId=1230eda4-2c99-4ae2-a76e-4960337b09f9",
   "FIELD9": ""
 },
 {
   "category": "Produce",
   "subcategory": "Fresh Fruits",
   "name": "Organic Lemon",
   "price": "1.29",
   "description": "",
   "image": "https://d2lnr5mha7bycj.cloudfront.net/product-image/file/large_c33c0ed4-9f8a-4513-bf5e-73cf4c49017a.jpg",
   "Image 2": "",
   "Product Link": "https://www.instacart.com/store/items/4464126?source1=aisle&source2=513&source3=513&impressionId=719391be-60ee-492f-9f5e-f07902bf4b07",
   "FIELD9": ""
 },
 {
   "category": "Produce",
   "subcategory": "Fresh Fruits",
   "name": "Honeycrisp Apples",
   "price": "2.05",
   "description": "Price Estimate: $2.05 ($4.99/lb � 0.41 lb)",
   "image": "https://d2lnr5mha7bycj.cloudfront.net/product-image/file/large_8956e555-db23-43d6-9da8-c52c3c2713f4.jpg",
   "Image 2": "",
   "Product Link": "https://www.instacart.com/store/items/12864128?source1=aisle&source2=513&source3=513&impressionId=d5236a39-8949-4307-8469-a7585863c8c9",
   "FIELD9": ""
 },
 {
   "category": "Produce",
   "subcategory": "Fresh Fruits",
   "name": "Red Seedless Grapes",
   "price": "3.29/ lb",
   "description": "",
   "image": "https://d2lnr5mha7bycj.cloudfront.net/product-image/file/large_57bc422a-44ec-4a90-8288-9151d2889756.jpg",
   "Image 2": "",
   "Product Link": "https://www.instacart.com/store/items/4485669?source1=aisle&source2=513&source3=513&impressionId=67c2d001-1291-4423-9ba4-38ee24350820",
   "FIELD9": ""
 },
 {
   "category": "Produce",
   "subcategory": "Fresh Fruits",
   "name": "Local Organic Strawberries",
   "price": "4.99",
   "description": "1 lb ",
   "image": "https://d2lnr5mha7bycj.cloudfront.net/product-image/file/large_d240879d-51d1-4c62-b9a7-bba10d91d2b9.jpg",
   "Image 2": "",
   "Product Link": "https://www.instacart.com/store/items/18497198?source1=aisle&source2=513&source3=513&impressionId=363df865-2b31-4743-9a9e-422f8b7c6a34",
   "FIELD9": ""
 },
 {
   "category": "Produce",
   "subcategory": "Fresh Fruits",
   "name": "Fuji Apple",
   "price": "0.92",
   "description": "Price Estimate: $0.92 ($2.19/lb � 0.42 lb)",
   "image": "https://d2lnr5mha7bycj.cloudfront.net/product-image/file/large_d173fb5e-b78b-4aa5-a481-6b744ad8e041.jpg",
   "Image 2": "",
   "Product Link": "https://www.instacart.com/store/items/4586762?source1=aisle&source2=513&source3=513&impressionId=618f0f5b-80df-40b4-8dbd-60ae1bfbcbd9",
   "FIELD9": ""
 },
 {
   "category": "Produce",
   "subcategory": "Fresh Fruits",
   "name": "Organic Large Gala Apple",
   "price": "1.41",
   "description": "Price Estimate: $1.41 ($3.29/lb � 0.43 lb)",
   "image": "https://d2lnr5mha7bycj.cloudfront.net/product-image/file/large_1ff8fc6f-ccf7-40c4-b60f-8df57aea3e05.jpg",
   "Image 2": "",
   "Product Link": "https://www.instacart.com/store/items/4458732?source1=aisle&source2=513&source3=513&impressionId=05956d92-f464-46a4-8df5-ab05694d9677",
   "FIELD9": ""
 },
 {
   "category": "Produce",
   "subcategory": "Fresh Fruits",
   "name": "Organic Red On the Vine Tomato",
   "price": "2.28",
   "description": "Price Estimate: $2.28 ($4.39/lb � 0.52 lb)",
   "image": "https://d2lnr5mha7bycj.cloudfront.net/product-image/file/large_8870f6c1-8ba1-444b-9549-3638ddf217eb.jpg",
   "Image 2": "",
   "Product Link": "https://www.instacart.com/store/items/4481443?source1=aisle&source2=513&source3=513&impressionId=5ddb99f8-16c4-4dfc-954d-3c0ea76187c2",
   "FIELD9": ""
 },
 {
   "category": "Produce",
   "subcategory": "Fresh Fruits",
   "name": "Strawberries",
   "price": "2.99",
   "description": "16 oz ",
   "image": "https://d2lnr5mha7bycj.cloudfront.net/product-image/file/large_6f4c824f-2e41-4910-9b03-c1c129004c9f.jpg",
   "Image 2": "",
   "Product Link": "https://www.instacart.com/store/items/19496051?source1=aisle&source2=513&source3=513&impressionId=e0cfe121-fe72-4c62-9ab3-f293672ebef3",
   "FIELD9": ""
 },
 {
   "category": "Produce",
   "subcategory": "Fresh Fruits",
   "name": "Organic Granny Smith Apples",
   "price": "1.35",
   "description": "Price Estimate: $1.35 ($3.29/lb � 0.41 lb)",
   "image": "https://d2lnr5mha7bycj.cloudfront.net/product-image/file/large_a640cbc4-c446-481f-8b88-e2382525c0c2.jpg",
   "Image 2": "",
   "Product Link": "https://www.instacart.com/store/items/11331521?source1=aisle&source2=513&source3=513&impressionId=3a4a81ec-6c20-4496-9aa6-7409ac3916a8",
   "FIELD9": ""
 },
 {
   "category": "Produce",
   "subcategory": "Fresh Fruits",
   "name": "Organic Blueberries",
   "price": "3.99",
   "description": ".5 pt ",
   "image": "https://d2lnr5mha7bycj.cloudfront.net/product-image/file/large_350d386c-8658-4313-8724-4c0f42a37ef2.jpg",
   "Image 2": "",
   "Product Link": "https://www.instacart.com/store/items/48651612?source1=aisle&source2=513&source3=513&impressionId=548e33fa-b8ca-4c23-9665-563a755349e6",
   "FIELD9": ""
 },
 {
   "category": "Produce",
   "subcategory": "Fresh Fruits",
   "name": "Hass Avocado, Small",
   "price": "2.49",
   "description": "",
   "image": "https://d2lnr5mha7bycj.cloudfront.net/product-image/file/large_bcb00e2e-0373-4aa5-acef-515e35726278.jpg",
   "Image 2": "",
   "Product Link": "https://www.instacart.com/store/items/4504225?source1=aisle&source2=513&source3=513&impressionId=1bd5a2d2-13f4-4f23-bc46-52aeef8a05eb",
   "FIELD9": ""
 },
 {
   "category": "Produce",
   "subcategory": "Fresh Fruits",
   "name": "Nature's Promise Organic Navel Oranges",
   "price": "1.98",
   "description": "Price Estimate: $1.98 ($2.79/lb � 0.71 lb)",
   "image": "https://d2lnr5mha7bycj.cloudfront.net/product-image/file/large_afa0d5d3-bbd4-4597-8f73-cee4ac1ef854.jpg",
   "Image 2": "",
   "Product Link": "https://www.instacart.com/store/items/4466592?source1=aisle&source2=513&source3=513&impressionId=6da3143f-ed97-4a11-a7c6-459e2633929e",
   "FIELD9": ""
 },
 {
   "category": "Produce",
   "subcategory": "Packaged Vegetables & Fruits",
   "name": "Banana",
   "price": "0.38",
   "description": "Price Estimate: $1.14 ($0.89/lb � 1.29 lb)",
   "image": "https://d2lnr5mha7bycj.cloudfront.net/product-image/file/large_dd6d444f-7de2-4206-a6b2-2ee18bb015f2.jpg",
   "Image 2": "",
   "Product Link": "https://www.instacart.com/store/items/4586747?source1=aisle&source2=1341&source3=1341&impressionId=065772f0-94e6-489e-a3df-c65a60805e49",
   "FIELD9": ""
 },
 {
   "category": "Produce",
   "subcategory": "Packaged Vegetables & Fruits",
   "name": "365 Organic Baby Spinach",
   "price": "1.99",
   "description": "5 oz",
   "image": "https://d2lnr5mha7bycj.cloudfront.net/product-image/file/large_5dc4780e-093c-4236-89aa-e94d2ff16d34.jpg",
   "Image 2": "",
   "Product Link": "https://www.instacart.com/store/items/8229952?source1=aisle&source2=1341&source3=1341&impressionId=fb818e31-d1e0-4018-a905-b07c643b7bac",
   "FIELD9": ""
 },
 {
   "category": "Produce",
   "subcategory": "Packaged Vegetables & Fruits",
   "name": "Organic Zucchini Squash",
   "price": "1.76",
   "description": "Price Estimate: $1.76 ($4.39/lb � 0.40 lb)",
   "image": "https://d2lnr5mha7bycj.cloudfront.net/product-image/file/large_0402e272-7075-4676-8216-473f9f0207ac.jpg",
   "Image 2": "",
   "Product Link": "https://www.instacart.com/store/items/21225986?source1=aisle&source2=1341&source3=1341&impressionId=f440ed77-3de1-403c-85f9-ee5d6634094a",
   "FIELD9": ""
 },
 {
   "category": "Produce",
   "subcategory": "Packaged Vegetables & Fruits",
   "name": "Organic Yellow Onion",
   "price": "1.4",
   "description": "Price Estimate: $1.40 ($1.89/lb � 0.74 lb)",
   "image": "https://d2lnr5mha7bycj.cloudfront.net/product-image/file/large_b14676ec-2d66-4d94-8bdb-7d78abcb46b8.jpg",
   "Image 2": "",
   "Product Link": "https://www.instacart.com/store/items/4575727?source1=aisle&source2=1341&source3=1341&impressionId=461f05c4-476c-433c-aeb4-e52f67e8f2c3",
   "FIELD9": ""
 },
 {
   "category": "Produce",
   "subcategory": "Packaged Vegetables & Fruits",
   "name": "Organic Raspberries",
   "price": "4.99",
   "description": "6 oz ",
   "image": "https://d2lnr5mha7bycj.cloudfront.net/product-image/file/large_6bdcc1e5-1c03-4833-b918-21c82a3c81f1.jpg",
   "Image 2": "",
   "Product Link": "https://www.instacart.com/store/items/29588808?source1=aisle&source2=1341&source3=1341&impressionId=cd571882-d4c6-4335-8d6b-945b6dbb0629",
   "FIELD9": ""
 },
 {
   "category": "Produce",
   "subcategory": "Packaged Vegetables & Fruits",
   "name": "365 Organic Baby Arugula",
   "price": "1.99",
   "description": "5 oz ",
   "image": "https://d2lnr5mha7bycj.cloudfront.net/product-image/file/large_dad7be8b-efe6-45e9-b676-a5567a9c760e.jpg",
   "Image 2": "",
   "Product Link": "https://www.instacart.com/store/items/14958078?source1=aisle&source2=1341&source3=1341&impressionId=36f4ff34-ee6c-43f0-8da6-4ee3b9fa4cf2",
   "FIELD9": ""
 },
 {
   "category": "Produce",
   "subcategory": "Packaged Vegetables & Fruits",
   "name": "Organic Blueberries",
   "price": "3.99",
   "description": ".5 pt ",
   "image": "https://d2lnr5mha7bycj.cloudfront.net/product-image/file/large_350d386c-8658-4313-8724-4c0f42a37ef2.jpg",
   "Image 2": "",
   "Product Link": "https://www.instacart.com/store/items/48651612?source1=aisle&source2=1341&source3=1341&impressionId=d91ec618-a827-438c-bde9-0ff6e5da7bb1",
   "FIELD9": ""
 },
 {
   "category": "Produce",
   "subcategory": "Packaged Vegetables & Fruits",
   "name": "365 Organic Spring Mix Salad",
   "price": "1.99",
   "description": "4 oz ",
   "image": "https://d2lnr5mha7bycj.cloudfront.net/product-image/file/large_12cdb77c-d035-4dc3-8d6b-32af1e1427b6.jpg",
   "Image 2": "",
   "Product Link": "https://www.instacart.com/store/items/15538789?source1=aisle&source2=1341&source3=1341&impressionId=f7e1cf25-d3fc-40c7-b344-4f3423f9f908",
   "FIELD9": ""
 },
 {
   "category": "Produce",
   "subcategory": "Packaged Vegetables & Fruits",
   "name": "Bunny Luv Organic Peeled Baby Carrots",
   "price": "1.69",
   "description": "16 oz ",
   "image": "https://d2lnr5mha7bycj.cloudfront.net/product-image/file/large_25a7f460-9190-4199-b623-c30c97e29c4f.jpg",
   "Image 2": "",
   "Product Link": "https://www.instacart.com/store/items/18447100?source1=aisle&source2=1341&source3=1341&impressionId=a756dcf2-1324-4d34-80e9-7f874d9ea64d",
   "FIELD9": ""
 },
 {
   "category": "Produce",
   "subcategory": "Packaged Vegetables & Fruits",
   "name": "Organic Grape Tomatoes",
   "price": "4.99",
   "description": "16 oz ",
   "image": "https://d2lnr5mha7bycj.cloudfront.net/product-image/file/large_c9fe8431-cd42-4e22-a3bf-be0082242a62.jpg",
   "Image 2": "",
   "Product Link": "https://www.instacart.com/store/items/4595208?source1=aisle&source2=1341&source3=1341&impressionId=148489cc-3a61-45e6-ab75-425a54ce618c",
   "FIELD9": ""
 },
 {
   "category": "Produce",
   "subcategory": "Packaged Vegetables & Fruits",
   "name": "Organic Kiwi",
   "price": "0.79",
   "description": "",
   "image": "https://d2lnr5mha7bycj.cloudfront.net/product-image/file/large_2c39ccf2-4c66-4daf-9b4b-0d172f997fb2.jpg",
   "Image 2": "",
   "Product Link": "https://www.instacart.com/store/items/4465524?source1=aisle&source2=1341&source3=1341&impressionId=bb5c13db-8158-48b7-af72-9d99913d9660",
   "FIELD9": ""
 },
 {
   "category": "Produce",
   "subcategory": "Packaged Vegetables & Fruits",
   "name": "Whole Foods Market Organic Baby Spinach",
   "price": "3.99",
   "description": "5 oz ",
   "image": "https://d2lnr5mha7bycj.cloudfront.net/product-image/file/large_2b4c9566-f4f5-4d24-b221-ca1e5272e745.jpg",
   "Image 2": "",
   "Product Link": "https://www.instacart.com/store/items/8229991?source1=aisle&source2=1341&source3=1341&impressionId=0d2e2dda-8926-41e4-b9d1-dcf11a311164",
   "FIELD9": ""
 },
 {
   "category": "Produce",
   "subcategory": "Packaged Vegetables & Fruits",
   "name": "Driscoll's Organic Blueberries",
   "price": "5.99",
   "description": "6 oz ",
   "image": "https://d2lnr5mha7bycj.cloudfront.net/product-image/file/large_9dd6fb8f-d085-477f-abd1-bdb9ef53d535.jpg",
   "Image 2": "",
   "Product Link": "https://www.instacart.com/store/items/11696850?source1=aisle&source2=1341&source3=1341&impressionId=0250625d-8f6f-4221-9f1c-f4aa1aac7330",
   "FIELD9": ""
 },
 {
   "category": "Produce",
   "subcategory": "Packaged Vegetables & Fruits",
   "name": "Organically Grown Organic Blueberries",
   "price": "5.99",
   "description": "4.4 oz ",
   "image": "https://d2lnr5mha7bycj.cloudfront.net/product-image/file/large_df5adaa7-b15c-46a5-8a60-2ef6e79fa17f.png",
   "Image 2": "",
   "Product Link": "https://www.instacart.com/store/items/4484653?source1=aisle&source2=1341&source3=1341&impressionId=8d58075c-eb04-4c08-9edc-4690a53baf41",
   "FIELD9": ""
 },
 {
   "category": "Produce",
   "subcategory": "Packaged Vegetables & Fruits",
   "name": "Organic Grape Tomatoes",
   "price": "4.99",
   "description": "10.5 oz ",
   "image": "https://d2lnr5mha7bycj.cloudfront.net/product-image/file/large_f683cdca-3872-430e-a3ca-4be7a989f4f7.jpg",
   "Image 2": "",
   "Product Link": "https://www.instacart.com/store/items/23109735?source1=aisle&source2=1341&source3=1341&impressionId=fc7a23d8-3e38-473d-8fed-6311f7a9cf14",
   "FIELD9": ""
 },
 {
   "category": "Produce",
   "subcategory": "Packaged Vegetables & Fruits",
   "name": "Organic Mixed Medley Heirloom Cherry Tomatoes",
   "price": "3.99",
   "description": "",
   "image": "https://d2lnr5mha7bycj.cloudfront.net/product-image/file/large_42944196-c83f-4ec8-bcd9-edbf4e31bd5d.jpg",
   "Image 2": "",
   "Product Link": "https://www.instacart.com/store/items/16383005?source1=aisle&source2=1341&source3=1341&impressionId=8ab8d428-e4f4-4020-b357-5d45970ecd24",
   "FIELD9": ""
 },
 {
   "category": "Produce",
   "subcategory": "Packaged Vegetables & Fruits",
   "name": "Organic Red Seedless Grapes",
   "price": "4.39/ lb",
   "description": "",
   "image": "https://d2lnr5mha7bycj.cloudfront.net/product-image/file/large_0a0e06cc-f4c7-4483-a760-90f7edcccda6.jpg",
   "Image 2": "",
   "Product Link": "https://www.instacart.com/store/items/15540938?source1=aisle&source2=1341&source3=1341&impressionId=d1729b23-2b7d-42fd-8592-832ecb474e2e",
   "FIELD9": ""
 },
 {
   "category": "Produce",
   "subcategory": "Packaged Vegetables & Fruits",
   "name": "365 Organic Romaine Salad",
   "price": "2.49",
   "description": "10 oz ",
   "image": "https://d2lnr5mha7bycj.cloudfront.net/product-image/file/large_0d068969-72bc-4bb8-ae33-776500115b37.jpg",
   "Image 2": "",
   "Product Link": "https://www.instacart.com/store/items/8229961?source1=aisle&source2=1341&source3=1341&impressionId=27527b99-c30e-4542-9b25-db9b4ca07fff",
   "FIELD9": ""
 },
 {
   "category": "Produce",
   "subcategory": "Packaged Vegetables & Fruits",
   "name": "Organic Roma Tomato",
   "price": "0.75",
   "description": "Price Estimate: $0.75 ($2.79/lb � 0.27 lb)",
   "image": "https://d2lnr5mha7bycj.cloudfront.net/product-image/file/large_3cee3e69-cc7c-411e-a74a-bb5af77599de.jpg",
   "Image 2": "",
   "Product Link": "https://www.instacart.com/store/items/4593349?source1=aisle&source2=1341&source3=1341&impressionId=bd518ad3-385a-43b7-b6f9-a9c52a55583c",
   "FIELD9": ""
 },
 {
   "category": "Produce",
   "subcategory": "Packaged Vegetables & Fruits",
   "name": "Organic Celery",
   "price": "3.99",
   "description": "",
   "image": "https://d2lnr5mha7bycj.cloudfront.net/product-image/file/large_6499a9cf-6a0c-45f3-ad99-bb5a67f511d5.jpg",
   "Image 2": "",
   "Product Link": "https://www.instacart.com/store/items/4483660?source1=aisle&source2=1341&source3=1341&impressionId=0bb226bb-eae3-4dc4-91ee-084aa3752e63",
   "FIELD9": ""
 },
 {
   "category": "Produce",
   "subcategory": "Packaged Vegetables & Fruits",
   "name": "Driscoll's Blackberries",
   "price": "4.99",
   "description": "6 oz ",
   "image": "https://d2lnr5mha7bycj.cloudfront.net/product-image/file/large_11bebbc7-f2a3-4a81-8b41-f69b4d82632a.jpg",
   "Image 2": "",
   "Product Link": "https://www.instacart.com/store/items/32592372?source1=aisle&source2=1341&source3=1341&impressionId=40b29d19-57f8-4189-8afa-98f1c0c61b2a",
   "FIELD9": ""
 },
 {
   "category": "Produce",
   "subcategory": "Fresh Herbs",
   "name": "Organic Green Onions, Bunch",
   "price": "1.29",
   "description": "",
   "image": "https://d2lnr5mha7bycj.cloudfront.net/product-image/file/large_f296e5a2-8e44-497d-b851-a89a86662ca8.jpg",
   "Image 2": "",
   "Product Link": "https://www.instacart.com/store/items/4462973?source1=aisle&source2=517&source3=517&impressionId=5491d9a8-8b87-4365-a04b-16ab72c5a601",
   "FIELD9": ""
 },
 {
   "category": "Produce",
   "subcategory": "Fresh Herbs",
   "name": "Cilantro",
   "price": "1.99",
   "description": ".25 oz ",
   "image": "https://d2lnr5mha7bycj.cloudfront.net/product-image/file/large_beb48f73-bc6e-4b47-85c1-bdecde1ca615.jpg",
   "Image 2": "",
   "Product Link": "https://www.instacart.com/store/items/6858384?source1=aisle&source2=517&source3=517&impressionId=b6fbc1bc-85b2-4bc5-9299-b696a3fa1aa2",
   "FIELD9": ""
 },
 {
   "category": "Produce",
   "subcategory": "Fresh Herbs",
   "name": "Organic Italian Parsley Bunch",
   "price": "1.99",
   "description": "per lb ",
   "image": "https://d2lnr5mha7bycj.cloudfront.net/product-image/file/large_0f27feb3-2339-459b-8a34-cb33fdcece25.jpg",
   "Image 2": "",
   "Product Link": "https://www.instacart.com/store/items/4469129?source1=aisle&source2=517&source3=517&impressionId=66c0b6f7-73f8-42bd-afde-8b757b48b5cc",
   "FIELD9": ""
 },
 {
   "category": "Produce",
   "subcategory": "Fresh Herbs",
   "name": "Garlic",
   "price": "0.38",
   "description": "Price Estimate: $0.38 ($5.49/lb � 0.07 lb)",
   "image": "https://d2lnr5mha7bycj.cloudfront.net/product-image/file/large_3c24f3e5-f25c-45fc-afe6-f3db282dcdcf.jpg",
   "Image 2": "",
   "Product Link": "https://www.instacart.com/store/items/4467018?source1=aisle&source2=517&source3=517&impressionId=a8ee9a0e-7cde-40e6-b786-c52daed9925d",
   "FIELD9": ""
 },
 {
   "category": "Produce",
   "subcategory": "Fresh Herbs",
   "name": "Organic Dill, Bunch",
   "price": "1.99",
   "description": "",
   "image": "https://d2lnr5mha7bycj.cloudfront.net/product-image/file/large_78a9f98f-7bf9-4654-b4d1-c4dcce0c57a0.jpg",
   "Image 2": "",
   "Product Link": "https://www.instacart.com/store/items/4469474?source1=aisle&source2=517&source3=517&impressionId=713ae2a1-20bd-4f4a-9cf7-bb258e1e5b22",
   "FIELD9": ""
 },
 {
   "category": "Produce",
   "subcategory": "Fresh Herbs",
   "name": "Whole Foods Market Organic Peeled Garlic",
   "price": "8.79/ lb",
   "description": "",
   "image": "https://d2lnr5mha7bycj.cloudfront.net/product-image/file/large_7d57f17e-d9dc-4190-be18-9021ab507916.jpg",
   "Image 2": "",
   "Product Link": "https://www.instacart.com/store/items/21862798?source1=aisle&source2=517&source3=517&impressionId=ce4e4848-dd27-43da-a142-030c715b9cce",
   "FIELD9": ""
 },
 {
   "category": "Produce",
   "subcategory": "Fresh Herbs",
   "name": "Bok Choy",
   "price": "4.38",
   "description": "Price Estimate: $4.38 ($2.19/lb � 2.00 lb)",
   "image": "https://d2lnr5mha7bycj.cloudfront.net/product-image/file/large_3feb341e-881f-474d-844e-1eaab27dfdb7.jpg",
   "Image 2": "",
   "Product Link": "https://www.instacart.com/store/items/4584081?source1=aisle&source2=517&source3=517&impressionId=fb821853-d9e4-401a-af10-19fed0a9b3de",
   "FIELD9": ""
 },
 {
   "category": "Produce",
   "subcategory": "Fresh Herbs",
   "name": "Purple Kale",
   "price": "2.49",
   "description": "",
   "image": "https://d2lnr5mha7bycj.cloudfront.net/product-image/file/large_e7cdb72b-fb35-40c3-968b-bbdaddf959ca.jpg",
   "Image 2": "",
   "Product Link": "https://www.instacart.com/store/items/4603334?source1=aisle&source2=517&source3=517&impressionId=03b91a9e-ad8d-46ee-8fc5-d2b21589dd5a",
   "FIELD9": ""
 },
 {
   "category": "Produce",
   "subcategory": "Fresh Herbs",
   "name": "Lemon Grass",
   "price": "0.86",
   "description": "Price Estimate: $0.86 ($6.59/lb � 0.13 lb)",
   "image": "https://d2lnr5mha7bycj.cloudfront.net/product-image/file/large_2007014f-41e6-4ee7-9357-22aa1befcd29.jpg",
   "Image 2": "",
   "Product Link": "https://www.instacart.com/store/items/4458224?source1=aisle&source2=517&source3=517&impressionId=1c5cc78a-9e84-4a3d-8183-0049cbef600c",
   "FIELD9": ""
 },
 {
   "category": "Produce",
   "subcategory": "Fresh Herbs",
   "name": "HerbCo Organic Basil",
   "price": "2.49",
   "description": ".75 oz ",
   "image": "https://d2lnr5mha7bycj.cloudfront.net/product-image/file/large_df7be8ea-94cf-4e96-a4c5-b09850a28a5c.jpg",
   "Image 2": "",
   "Product Link": "https://www.instacart.com/store/items/4508274?source1=aisle&source2=517&source3=517&impressionId=dc98abba-1432-404b-853f-fbf5c4ef6a14",
   "FIELD9": ""
 },
 {
   "category": "Produce",
   "subcategory": "Fresh Herbs",
   "name": "Basil",
   "price": "2.99",
   "description": "",
   "image": "https://d2lnr5mha7bycj.cloudfront.net/product-image/file/large_1f9e193d-f27a-410e-a764-250860d9ee7c.jpg",
   "Image 2": "",
   "Product Link": "https://www.instacart.com/store/items/31777166?source1=aisle&source2=517&source3=517&impressionId=8665d679-0907-480b-972d-7daba75e4bcd",
   "FIELD9": ""
 },
 {
   "category": "Produce",
   "subcategory": "Fresh Herbs",
   "name": "Organic Curly Parsley Bunch",
   "price": "1.99",
   "description": "per lb ",
   "image": "https://d2lnr5mha7bycj.cloudfront.net/product-image/file/large_eb8fcdd3-2433-42fd-8e42-dd92dffb9c66.jpg",
   "Image 2": "",
   "Product Link": "https://www.instacart.com/store/items/53684592?source1=aisle&source2=517&source3=517&impressionId=3edb1964-0442-4380-8abd-d7c0e6475b84",
   "FIELD9": ""
 },
 {
   "category": "Produce",
   "subcategory": "Fresh Herbs",
   "name": "Taos Herb Co Organic Mint",
   "price": "2.49",
   "description": ".75 oz ",
   "image": "https://d2lnr5mha7bycj.cloudfront.net/product-image/file/large_4b1b96ff-2f60-440b-846b-945477177189.jpg",
   "Image 2": "",
   "Product Link": "https://www.instacart.com/store/items/4592850?source1=aisle&source2=517&source3=517&impressionId=ab8e0dac-918c-4029-a7ac-d8ac6abb2329",
   "FIELD9": ""
 },
 {
   "category": "Produce",
   "subcategory": "Fresh Herbs",
   "name": "Organic Thyme",
   "price": "2.49",
   "description": "1 oz ",
   "image": "https://d2lnr5mha7bycj.cloudfront.net/product-image/file/large_0ef35110-8e8a-431e-8791-969d91b0bea6.jpg",
   "Image 2": "",
   "Product Link": "https://www.instacart.com/store/items/4469056?source1=aisle&source2=517&source3=517&impressionId=93cea47d-fe1b-42a3-a945-a7c37d5989c8",
   "FIELD9": ""
 },
 {
   "category": "Produce",
   "subcategory": "Fresh Herbs",
   "name": "Organic Chives",
   "price": "2.49",
   "description": ".75 oz ",
   "image": "https://d2lnr5mha7bycj.cloudfront.net/product-image/file/large_a7755a6f-1fd0-4b0a-b83e-8c7277e2a88f.jpg",
   "Image 2": "",
   "Product Link": "https://www.instacart.com/store/items/4508110?source1=aisle&source2=517&source3=517&impressionId=12dffb11-8fc9-47cb-a2a7-84011539808e",
   "FIELD9": ""
 },
 {
   "category": "Produce",
   "subcategory": "Fresh Herbs",
   "name": "Organic Rosemary",
   "price": "2.49",
   "description": ".75 oz ",
   "image": "https://d2lnr5mha7bycj.cloudfront.net/product-image/file/large_a7645fb3-c49c-48ad-9b02-378be701c0c5.jpg",
   "Image 2": "",
   "Product Link": "https://www.instacart.com/store/items/4469111?source1=aisle&source2=517&source3=517&impressionId=3d411f0e-5e3f-4ceb-9a77-000fa65bc5ad",
   "FIELD9": ""
 },
 {
   "category": "Produce",
   "subcategory": "Fresh Herbs",
   "name": "Organic Dill",
   "price": "2.49",
   "description": ".75 oz ",
   "image": "https://d2lnr5mha7bycj.cloudfront.net/product-image/file/large_f11b0695-0edc-4e31-8ec1-02233baccfe9.jpg",
   "Image 2": "",
   "Product Link": "https://www.instacart.com/store/items/4508254?source1=aisle&source2=517&source3=517&impressionId=b1f7c46e-995b-4027-a4ee-4a46f03e4463",
   "FIELD9": ""
 },
 {
   "category": "Produce",
   "subcategory": "Fresh Herbs",
   "name": "Organic Ginger Root",
   "price": "1.38",
   "description": "Price Estimate: $1.38 ($6.59/lb � 0.21 lb)",
   "image": "https://d2lnr5mha7bycj.cloudfront.net/product-image/file/large_a3814542-355a-4557-8026-f0dfe18e3dfb.jpg",
   "Image 2": "",
   "Product Link": "https://www.instacart.com/store/items/87037368?source1=aisle&source2=517&source3=517&impressionId=0436dfc4-f742-4fda-af17-c3068ee2f5a4",
   "FIELD9": ""
 },
 {
   "category": "Produce",
   "subcategory": "Fresh Herbs",
   "name": "Grower Pete Organic Watercress Bag",
   "price": "2.99",
   "description": "",
   "image": "https://d2lnr5mha7bycj.cloudfront.net/product-image/file/large_9ed5f21e-67da-4d89-a5f4-eca5180388e1.png",
   "Image 2": "",
   "Product Link": "https://www.instacart.com/store/items/18442200?source1=aisle&source2=517&source3=517&impressionId=d16befa5-9b94-41dc-af2c-1c9e023ee4fb",
   "FIELD9": ""
 },
 {
   "category": "Produce",
   "subcategory": "Fresh Herbs",
   "name": "Organic Sage",
   "price": "2.49",
   "description": ".75 oz ",
   "image": "https://d2lnr5mha7bycj.cloudfront.net/product-image/file/large_d098cb36-6c03-4ce3-bbfb-6e5e7bd1a977.jpg",
   "Image 2": "",
   "Product Link": "https://www.instacart.com/store/items/4469079?source1=aisle&source2=517&source3=517&impressionId=9009a617-f25b-4f47-8c0c-44fee0924c76",
   "FIELD9": ""
 },
 {
   "category": "Snacks",
   "subcategory": "Candy & Chocolate",
   "name": "Chocolove Almonds & Sea Salt In Dark Chocolate",
   "price": "3.19",
   "description": "3.2 oz ",
   "image": "https://d2lnr5mha7bycj.cloudfront.net/product-image/file/large_9dbaf651-df39-40c4-8c65-4bba35ee4d2c.jpg",
   "Image 2": "",
   "Product Link": "https://www.instacart.com/store/items/4537021?source1=aisle&source2=577&source3=577&impressionId=232c97b9-095e-4be7-ada1-fcaf69352b13",
   "FIELD9": ""
 },
 {
   "category": "Snacks",
   "subcategory": "Candy & Chocolate",
   "name": "Justin's Organic Dark Chocolate Peanut Butter Cups",
   "price": "2.29",
   "description": "2 ct ",
   "image": "https://d2lnr5mha7bycj.cloudfront.net/product-image/file/large_71d2f170-1432-49f1-a8b9-42371ef7167b.jpg",
   "Image 2": "",
   "Product Link": "https://www.instacart.com/store/items/4535471?source1=aisle&source2=577&source3=577&impressionId=6b506533-285d-4d60-9a83-319f8a7beea1",
   "FIELD9": ""
 },
 {
   "category": "Snacks",
   "subcategory": "Candy & Chocolate",
   "name": "Bark Thins Dark Chocolate Pretzel with Sea Salt Snacking Chocolate",
   "price": "4.99",
   "description": "4.7 oz ",
   "image": "https://d2lnr5mha7bycj.cloudfront.net/product-image/file/large_29445b33-a2ba-4376-abcd-3605d1ec8030.jpg",
   "Image 2": "",
   "Product Link": "https://www.instacart.com/store/items/15422070?source1=aisle&source2=577&source3=577&impressionId=6ea664df-80c3-4561-9e45-4126354c205f",
   "FIELD9": ""
 },
 {
   "category": "Snacks",
   "subcategory": "Candy & Chocolate",
   "name": "Justin's Organic Milk Chocolate Peanut Butter Cups - 2 CT",
   "price": "2.29",
   "description": "1.4 oz ",
   "image": "https://d2lnr5mha7bycj.cloudfront.net/product-image/file/large_bac92c3d-aa15-49c6-b5c0-259eb05101b4.jpg",
   "Image 2": "",
   "Product Link": "https://www.instacart.com/store/items/4535707?source1=aisle&source2=577&source3=577&impressionId=404690b1-0e1a-4a41-a9d5-f7231abb91ec",
   "FIELD9": ""
 },
 {
   "category": "Snacks",
   "subcategory": "Candy & Chocolate",
   "name": "Green & Black's Chocolate Organic 85% Cacao Dark Chocolate Bar",
   "price": "3.69",
   "description": "3.5 oz ",
   "image": "https://d2lnr5mha7bycj.cloudfront.net/product-image/file/large_c347bfb6-09ce-4f20-9b5f-33bc5b0477e0.JPG",
   "Image 2": "",
   "Product Link": "https://www.instacart.com/store/items/4526732?source1=aisle&source2=577&source3=577&impressionId=1efa0567-1954-4db9-a6ac-8cd27904eec0",
   "FIELD9": ""
 },
 {
   "category": "Snacks",
   "subcategory": "Candy & Chocolate",
   "name": "Chocolove Toffee & Almonds in Milk Chocolate",
   "price": "3.19",
   "description": "3.2 oz ",
   "image": "https://d2lnr5mha7bycj.cloudfront.net/product-image/file/large_28a90966-6b30-4001-91fd-9ec3ff03a98d.jpg",
   "Image 2": "",
   "Product Link": "https://www.instacart.com/store/items/4521652?source1=aisle&source2=577&source3=577&impressionId=f7e2ebe8-9482-4943-b8fe-492eb4c2b683",
   "FIELD9": ""
 },
 {
   "category": "Snacks",
   "subcategory": "Candy & Chocolate",
   "name": "Perfect Foods Peanut Butter Bar",
   "price": "2.99",
   "description": "2.5 oz ",
   "image": "https://d2lnr5mha7bycj.cloudfront.net/product-image/file/large_0a69f680-1fa6-424a-978e-e06ee4520d6a.jpg",
   "Image 2": "",
   "Product Link": "https://www.instacart.com/store/items/4500891?source1=aisle&source2=577&source3=577&impressionId=93efdf41-98eb-47e2-8782-bccdbcae3fff",
   "FIELD9": ""
 },
 {
   "category": "Snacks",
   "subcategory": "Candy & Chocolate",
   "name": "Green & Black's Chocolate Organic 70% Cacao Dark Chocolate Bar",
   "price": "3.69",
   "description": "3.5 oz ",
   "image": "https://d2lnr5mha7bycj.cloudfront.net/product-image/file/large_4e78df15-d1a9-4fce-9726-57ed15b87116.jpg",
   "Image 2": "",
   "Product Link": "https://www.instacart.com/store/items/4475010?source1=aisle&source2=577&source3=577&impressionId=f19e2732-96a3-48ac-ac7d-6aaf5dcb360b",
   "FIELD9": ""
 },
 {
   "category": "Snacks",
   "subcategory": "Candy & Chocolate",
   "name": "365 Dark Chocolate Baking Chunks",
   "price": "4.39",
   "description": "12 oz ",
   "image": "https://d2lnr5mha7bycj.cloudfront.net/product-image/file/large_2fae87d4-3571-4f3d-92ab-3e7559909010.jpg",
   "Image 2": "",
   "Product Link": "https://www.instacart.com/store/items/4540412?source1=aisle&source2=577&source3=577&impressionId=13de5630-db7e-4d71-96de-1617be2d7f42",
   "FIELD9": ""
 },
 {
   "category": "Snacks",
   "subcategory": "Candy & Chocolate",
   "name": "Alter Eco Dark Sea Salt Organic Chocolate",
   "price": "4.19",
   "description": "12 x 2.82 oz ",
   "image": "https://d2lnr5mha7bycj.cloudfront.net/product-image/file/large_d66ba645-bece-42b3-8623-f7bb2c407022.jpg",
   "Image 2": "",
   "Product Link": "https://www.instacart.com/store/items/13021276?source1=aisle&source2=577&source3=577&impressionId=a0a52a2d-ee0e-48f9-8c0a-8da3e95208a3",
   "FIELD9": ""
 },
 {
   "category": "Snacks",
   "subcategory": "Candy & Chocolate",
   "name": "RXBAR Coconut Chocolate",
   "price": "2.99",
   "description": "1.83 oz ",
   "image": "https://d2lnr5mha7bycj.cloudfront.net/product-image/file/large_6a57602a-62b3-44b7-97c2-48846ff1ee3a.jpg",
   "Image 2": "",
   "Product Link": "https://www.instacart.com/store/items/79542696?source1=aisle&source2=577&source3=577&impressionId=4a7cca6a-1713-4258-af0e-74684186309a",
   "FIELD9": ""
 },
 {
   "category": "Snacks",
   "subcategory": "Candy & Chocolate",
   "name": "Justin's Mini Peanut Butter Cups Dark Chocolate",
   "price": "5.99",
   "description": "4.7 oz ",
   "image": "https://d2lnr5mha7bycj.cloudfront.net/product-image/file/large_133c7b3d-4266-4358-957a-2f3363f351c4.jpg",
   "Image 2": "",
   "Product Link": "https://www.instacart.com/store/items/21393388?source1=aisle&source2=577&source3=577&impressionId=400b5909-2589-48bb-bf7f-5aa474f26ab8",
   "FIELD9": ""
 },
 {
   "category": "Snacks",
   "subcategory": "Candy & Chocolate",
   "name": "365 Organic Milk Chocolate Bar",
   "price": "2.69",
   "description": "3 oz ",
   "image": "https://d2lnr5mha7bycj.cloudfront.net/product-image/file/large_4d5826d0-ffa4-48f8-813a-4a50485842d4.jpg",
   "Image 2": "",
   "Product Link": "https://www.instacart.com/store/items/4543303?source1=aisle&source2=577&source3=577&impressionId=fc34be01-e1cd-42d1-bffc-facde06fd492",
   "FIELD9": ""
 },
 {
   "category": "Snacks",
   "subcategory": "Candy & Chocolate",
   "name": "365 Organic 56% Cacao Dark Chocolate Bar",
   "price": "2.69",
   "description": "3 oz ",
   "image": "https://d2lnr5mha7bycj.cloudfront.net/product-image/file/large_d88d3565-5de3-4106-840d-ad57e611286b.jpg",
   "Image 2": "",
   "Product Link": "https://www.instacart.com/store/items/4543267?source1=aisle&source2=577&source3=577&impressionId=57beff03-525d-497b-9afd-b9b9aa21ba90",
   "FIELD9": ""
 },
 {
   "category": "Snacks",
   "subcategory": "Candy & Chocolate",
   "name": "Clif Kid� Organic Strawberry ZFruit Rope",
   "price": "4.99",
   "description": "6 x 0.71 oz ",
   "image": "https://d2lnr5mha7bycj.cloudfront.net/product-image/file/large_8e507384-c0bd-421c-88d7-bd00426c62c4.jpg",
   "Image 2": "",
   "Product Link": "https://www.instacart.com/store/items/22421635?source1=aisle&source2=577&source3=577&impressionId=f22c13f6-9387-4934-b4cb-bc685777a853",
   "FIELD9": ""
 },
 {
   "category": "Snacks",
   "subcategory": "Candy & Chocolate",
   "name": "RXBAR Peanut Butter",
   "price": "2.99",
   "description": "1.83 oz ",
   "image": "https://d2lnr5mha7bycj.cloudfront.net/product-image/file/large_21e75853-f675-40d5-8367-f12f06f87fb3.jpg",
   "Image 2": "",
   "Product Link": "https://www.instacart.com/store/items/79542641?source1=aisle&source2=577&source3=577&impressionId=27429c4e-eb27-4c67-a06d-6e6bed4dc905",
   "FIELD9": ""
 },
 {
   "category": "Snacks",
   "subcategory": "Candy & Chocolate",
   "name": "Whole Foods Market Toffee & Sea Salt Milk Chocolate Bar",
   "price": "2.99",
   "description": "3.5 oz ",
   "image": "https://d2lnr5mha7bycj.cloudfront.net/product-image/file/large_7f402414-108f-477a-8b33-76dd7f01a5b0.jpg",
   "Image 2": "",
   "Product Link": "https://www.instacart.com/store/items/4543367?source1=aisle&source2=577&source3=577&impressionId=ff8fc4a7-caf1-4a16-8694-30c74932e472",
   "FIELD9": ""
 },
 {
   "category": "Snacks",
   "subcategory": "Candy & Chocolate",
   "name": "Alter Eco Dark Blackout Organic Chocolate",
   "price": "4.19",
   "description": "12 x 2.82 oz ",
   "image": "https://d2lnr5mha7bycj.cloudfront.net/product-image/file/large_70c5d956-6747-4a23-88f3-e8293dbf000c.png",
   "Image 2": "",
   "Product Link": "https://www.instacart.com/store/items/4531277?source1=aisle&source2=577&source3=577&impressionId=17e7ca78-4499-4001-8131-7aa7819edb50",
   "FIELD9": ""
 },
 {
   "category": "Snacks",
   "subcategory": "Candy & Chocolate",
   "name": "Chocolove Cherries & Almonds in Dark Chocolate, 55% Cocoa",
   "price": "3.19",
   "description": "3.2 oz ",
   "image": "https://d2lnr5mha7bycj.cloudfront.net/product-image/file/large_172780c7-6f08-4a51-a8dc-824d158d1677.jpg",
   "Image 2": "",
   "Product Link": "https://www.instacart.com/store/items/4472164?source1=aisle&source2=577&source3=577&impressionId=eb64467d-d74a-4c85-a782-858610c6ce55",
   "FIELD9": ""
 },
 {
   "category": "Snacks",
   "subcategory": "Candy & Chocolate",
   "name": "Chocolove Raspberries in Dark Chocolate",
   "price": "3.19",
   "description": "3.2 oz ",
   "image": "https://d2lnr5mha7bycj.cloudfront.net/product-image/file/large_30c20827-7580-4b9c-8cbc-b78edd54f04d.jpg",
   "Image 2": "",
   "Product Link": "https://www.instacart.com/store/items/4471621?source1=aisle&source2=577&source3=577&impressionId=a63940e1-d4bb-4a37-a913-16dab3b4f2c5",
   "FIELD9": ""
 },
 {
   "category": "Snacks",
   "subcategory": "Chips & Pretzels",
   "name": "Stacy's Simply Naked Pita Chips",
   "price": "3.49",
   "description": "7.33 oz ",
   "image": "https://d2lnr5mha7bycj.cloudfront.net/product-image/file/large_4cc6d0f1-56ba-45a3-8f5b-3f55de5bcb55.JPG",
   "Image 2": "",
   "Product Link": "https://www.instacart.com/store/items/23089571?source1=aisle&source2=581&source3=581&impressionId=1fd26fe1-a50f-4571-b9d1-87377d8dda23",
   "FIELD9": ""
 },
 {
   "category": "Snacks",
   "subcategory": "Chips & Pretzels",
   "name": "Stacy's Multigrain Pita Chips",
   "price": "3.49",
   "description": "7.33 oz ",
   "image": "https://d2lnr5mha7bycj.cloudfront.net/product-image/file/large_53497bf8-6b22-4aa0-b314-713f0ade3342.JPG",
   "Image 2": "",
   "Product Link": "https://www.instacart.com/store/items/23272665?source1=aisle&source2=581&source3=581&impressionId=62a5c4d4-d70d-4395-8a28-2f1dff8eb0a5",
   "FIELD9": ""
 },
 {
   "category": "Snacks",
   "subcategory": "Chips & Pretzels",
   "name": "Stacy's Parmesan Garlic & Herb Pita Chips",
   "price": "3.49",
   "description": "7.33 oz ",
   "image": "https://d2lnr5mha7bycj.cloudfront.net/product-image/file/large_d88c5fdf-cb5d-48dd-a319-3e02ef3836fd.jpg",
   "Image 2": "",
   "Product Link": "https://www.instacart.com/store/items/23475140?source1=aisle&source2=581&source3=581&impressionId=800752a0-5367-4a90-afa3-49a6d98a152b",
   "FIELD9": ""
 },
 {
   "category": "Snacks",
   "subcategory": "Chips & Pretzels",
   "name": "365 Lightly Salted Restaurant Style Tortilla Chips",
   "price": "2.99",
   "description": "16 oz ",
   "image": "https://d2lnr5mha7bycj.cloudfront.net/product-image/file/large_a2b22309-df79-4c27-a403-39f14df1464f.jpg",
   "Image 2": "",
   "Product Link": "https://www.instacart.com/store/items/4573011?source1=aisle&source2=581&source3=581&impressionId=7b382c17-2431-4699-b74d-6d1a4b1ed2c8",
   "FIELD9": ""
 },
 {
   "category": "Snacks",
   "subcategory": "Chips & Pretzels",
   "name": "365 Original Veggie Straws",
   "price": "2.29",
   "description": "6 oz ",
   "image": "https://d2lnr5mha7bycj.cloudfront.net/product-image/file/large_39c93e5a-2ce5-482b-8ec7-1a4031b832a0.jpg",
   "Image 2": "",
   "Product Link": "https://www.instacart.com/store/items/4488161?source1=aisle&source2=581&source3=581&impressionId=d96fa37c-3ffe-49c7-b961-b68d1fc0d382",
   "FIELD9": ""
 },
 {
   "category": "Snacks",
   "subcategory": "Chips & Pretzels",
   "name": "365 Organic Lightly Salted White Corn Tortilla Chips",
   "price": "2.99",
   "description": "16 oz ",
   "image": "https://d2lnr5mha7bycj.cloudfront.net/product-image/file/large_74b19dcf-b43d-4e25-b8a7-9f21d5a089f1.jpg",
   "Image 2": "",
   "Product Link": "https://www.instacart.com/store/items/4522390?source1=aisle&source2=581&source3=581&impressionId=b939fd22-675a-4ca6-a7a6-c5b1dcfc07cf",
   "FIELD9": ""
 },
 {
   "category": "Snacks",
   "subcategory": "Chips & Pretzels",
   "name": "Harvest Snaps Lightly Salted Baked Snap Pea Crisps",
   "price": "1.99",
   "description": "3.3 oz ",
   "image": "https://d2lnr5mha7bycj.cloudfront.net/product-image/file/large_086ad6bf-49e2-4345-b81b-41885b992163.jpg",
   "Image 2": "",
   "Product Link": "https://www.instacart.com/store/items/4473612?source1=aisle&source2=581&source3=581&impressionId=85b96b59-ff3b-4710-9bd6-a44b60312901",
   "FIELD9": ""
 },
 {
   "category": "Snacks",
   "subcategory": "Chips & Pretzels",
   "name": "365 Organic Lightly Salted Blue Corn Tortilla Chips",
   "price": "3.29",
   "description": "16 oz ",
   "image": "https://d2lnr5mha7bycj.cloudfront.net/product-image/file/large_bfffc7d3-6ed1-45fa-a112-e8ac3485b812.jpg",
   "Image 2": "",
   "Product Link": "https://www.instacart.com/store/items/4522518?source1=aisle&source2=581&source3=581&impressionId=72678743-8837-4db1-a64b-4fdcb1427c04",
   "FIELD9": ""
 },
 {
   "category": "Snacks",
   "subcategory": "Chips & Pretzels",
   "name": "365 Rippled Sea Salt Potato Chips",
   "price": "2.99",
   "description": "10 oz ",
   "image": "https://d2lnr5mha7bycj.cloudfront.net/product-image/file/large_443f9110-a747-4620-8b3e-aeb8e294bf0e.jpg",
   "Image 2": "",
   "Product Link": "https://www.instacart.com/store/items/4543014?source1=aisle&source2=581&source3=581&impressionId=99a1cf58-721c-4876-ae1a-d11de22e581f",
   "FIELD9": ""
 },
 {
   "category": "Snacks",
   "subcategory": "Chips & Pretzels",
   "name": "365 Crunchy Pretzel Twists",
   "price": "1.99",
   "description": "16 oz ",
   "image": "https://d2lnr5mha7bycj.cloudfront.net/product-image/file/large_98c3c127-7b60-4486-81ae-cf0ee740d396.jpg",
   "Image 2": "",
   "Product Link": "https://www.instacart.com/store/items/4524618?source1=aisle&source2=581&source3=581&impressionId=deb5ff97-0dd8-425b-a545-bcdbc5a3468b",
   "FIELD9": ""
 },
 {
   "category": "Snacks",
   "subcategory": "Chips & Pretzels",
   "name": "365 Sea Salt Pita Chips",
   "price": "2.5",
   "description": "9 oz ",
   "image": "https://d2lnr5mha7bycj.cloudfront.net/product-image/file/large_9e400b2f-61f9-4f6d-bfe3-e0585bee37e8.jpg",
   "Image 2": "",
   "Product Link": "https://www.instacart.com/store/items/4476216?source1=aisle&source2=581&source3=581&impressionId=3e8e53cd-0cc3-482b-8e72-1f2c1bcf4404",
   "FIELD9": ""
 },
 {
   "category": "Snacks",
   "subcategory": "Chips & Pretzels",
   "name": "365 Veggie Chips",
   "price": "2.29",
   "description": "6 oz ",
   "image": "https://d2lnr5mha7bycj.cloudfront.net/product-image/file/large_29950c1c-6e79-44d7-8d68-03b0613ed041.jpg",
   "Image 2": "",
   "Product Link": "https://www.instacart.com/store/items/22400364?source1=aisle&source2=581&source3=581&impressionId=9bd68d53-129c-46cf-a1a1-4ad08f1e65c5",
   "FIELD9": ""
 },
 {
   "category": "Snacks",
   "subcategory": "Chips & Pretzels",
   "name": "Garden of Eatin' Corn Tortilla Chips Blue Chips",
   "price": "3.99",
   "description": "8.1 oz ",
   "image": "https://d2lnr5mha7bycj.cloudfront.net/product-image/file/large_9a2c1587-e843-493f-b550-4c231207d304.jpg",
   "Image 2": "",
   "Product Link": "https://www.instacart.com/store/items/4484593?source1=aisle&source2=581&source3=581&impressionId=00c1cde7-d8fa-4f1d-ad6d-5664f024483e",
   "FIELD9": ""
 },
 {
   "category": "Snacks",
   "subcategory": "Chips & Pretzels",
   "name": "Pretzel Crisps Original Deli Style Pretzel Crackers",
   "price": "3.29",
   "description": "7.2 oz ",
   "image": "https://d2lnr5mha7bycj.cloudfront.net/product-image/file/large_33d5cf0f-bdab-4189-80e2-f6762e248d33.JPG",
   "Image 2": "",
   "Product Link": "https://www.instacart.com/store/items/26229723?source1=aisle&source2=581&source3=581&impressionId=3048810f-087e-4db0-bd77-96cca638bfff",
   "FIELD9": ""
 },
 {
   "category": "Snacks",
   "subcategory": "Chips & Pretzels",
   "name": "365 Crunchy Pretzel Sticks",
   "price": "2.29",
   "description": "16 oz ",
   "image": "https://d2lnr5mha7bycj.cloudfront.net/product-image/file/large_62d00606-f8ac-437f-825f-1c64d0c9b2c2.jpg",
   "Image 2": "",
   "Product Link": "https://www.instacart.com/store/items/4524398?source1=aisle&source2=581&source3=581&impressionId=6975da8c-4993-4529-bda7-def33c838ecd",
   "FIELD9": ""
 },
 {
   "category": "Snacks",
   "subcategory": "Chips & Pretzels",
   "name": "Pirate's Booty Baked Rice and Corn Puffs Aged White Cheddar - 6 PK",
   "price": "6.49",
   "description": "6 x 1 oz ",
   "image": "https://d2lnr5mha7bycj.cloudfront.net/product-image/file/large_9efba461-4551-4b8f-827f-291bb3b4862c.jpg",
   "Image 2": "",
   "Product Link": "https://www.instacart.com/store/items/4536967?source1=aisle&source2=581&source3=581&impressionId=2558d9f5-db66-4288-b065-944d7b6d9146",
   "FIELD9": ""
 },
 {
   "category": "Snacks",
   "subcategory": "Chips & Pretzels",
   "name": "365 Lightly Salted Yellow & Blue Corn Tortilla Chips",
   "price": "2.69",
   "description": "16 oz ",
   "image": "https://d2lnr5mha7bycj.cloudfront.net/product-image/file/large_c31f8e67-7e8d-4bb4-b464-76302b6529dd.jpg",
   "Image 2": "",
   "Product Link": "https://www.instacart.com/store/items/4523805?source1=aisle&source2=581&source3=581&impressionId=0dfeb44b-180a-41a8-9a18-f8b76d2372fc",
   "FIELD9": ""
 },
 {
   "category": "Snacks",
   "subcategory": "Chips & Pretzels",
   "name": "365 Cheese Puffs",
   "price": "2.29",
   "description": "5.5 oz ",
   "image": "https://d2lnr5mha7bycj.cloudfront.net/product-image/file/large_1ccbb89d-f35f-482f-842f-3df95574ce97.jpg",
   "Image 2": "",
   "Product Link": "https://www.instacart.com/store/items/4533918?source1=aisle&source2=581&source3=581&impressionId=c11b5d75-b55c-40a2-82fe-6a3c5007e2f9",
   "FIELD9": ""
 },
 {
   "category": "Snacks",
   "subcategory": "Chips & Pretzels",
   "name": "365 Mini Pretzel Twists",
   "price": "2.49",
   "description": "8 oz ",
   "image": "https://d2lnr5mha7bycj.cloudfront.net/product-image/file/large_fe6de478-748b-466d-a544-145e9a15ecdd.jpg",
   "Image 2": "",
   "Product Link": "https://www.instacart.com/store/items/18588001?source1=aisle&source2=581&source3=581&impressionId=d41eb575-3b1c-401b-a255-84708c9acd71",
   "FIELD9": ""
 },
 {
   "category": "Snacks",
   "subcategory": "Cookies & Cakes",
   "name": "Annie's Homegrown Organic Honey, Chocolate and Chocolate Chip Friends Bunny Grahams Variety Pack Bunny Grahams",
   "price": "4.99",
   "description": "6 x 1 oz",
   "image": "https://d2lnr5mha7bycj.cloudfront.net/product-image/file/large_02a4aa73-cf7b-4f43-a668-4aeb0cfb48de.JPG",
   "Image 2": "",
   "Product Link": "https://www.instacart.com/store/items/4538748?source1=aisle&source2=576&source3=576&impressionId=f5002749-4f5a-4296-9347-9ae0907931b8",
   "FIELD9": ""
 },
 {
   "category": "Snacks",
   "subcategory": "Cookies & Cakes",
   "name": "365 Organic Classic Vanilla Animal Cookies",
   "price": "3.99",
   "description": "16 oz ",
   "image": "https://d2lnr5mha7bycj.cloudfront.net/product-image/file/large_817bebb6-f7f9-4148-8f41-083135c74d84.jpg",
   "Image 2": "",
   "Product Link": "https://www.instacart.com/store/items/4485595?source1=aisle&source2=576&source3=576&impressionId=f0f12662-d789-493e-a2f6-6a10ab8167e4",
   "FIELD9": ""
 },
 {
   "category": "Snacks",
   "subcategory": "Cookies & Cakes",
   "name": "365 Organic Original Water Crackers",
   "price": "1.99",
   "description": "4.4 oz ",
   "image": "https://d2lnr5mha7bycj.cloudfront.net/product-image/file/large_04c9ea15-f489-466e-b952-3a6f3417c135.jpg",
   "Image 2": "",
   "Product Link": "https://www.instacart.com/store/items/4537333?source1=aisle&source2=576&source3=576&impressionId=a8820c62-6104-4906-ba7f-83b29bebe4ff",
   "FIELD9": ""
 },
 {
   "category": "Snacks",
   "subcategory": "Cookies & Cakes",
   "name": "Bark Thins Dark Chocolate Pretzel with Sea Salt Snacking Chocolate",
   "price": "4.99",
   "description": "4.7 oz ",
   "image": "https://d2lnr5mha7bycj.cloudfront.net/product-image/file/large_29445b33-a2ba-4376-abcd-3605d1ec8030.jpg",
   "Image 2": "",
   "Product Link": "https://www.instacart.com/store/items/15422070?source1=aisle&source2=576&source3=576&impressionId=4d93f8c0-b898-4e8e-ad81-0f1c999d302d",
   "FIELD9": ""
 },
 {
   "category": "Snacks",
   "subcategory": "Cookies & Cakes",
   "name": "365 Organic Classic Golden Round Crackers",
   "price": "2.5",
   "description": "8 oz ",
   "image": "https://d2lnr5mha7bycj.cloudfront.net/product-image/file/large_2f1d9804-2412-4c08-bd30-fbafb9b20893.jpg",
   "Image 2": "",
   "Product Link": "https://www.instacart.com/store/items/4484189?source1=aisle&source2=576&source3=576&impressionId=e88543b6-e282-4c03-beae-42c4c937138c",
   "FIELD9": ""
 },
 {
   "category": "Snacks",
   "subcategory": "Cookies & Cakes",
   "name": "Tate's Bake Shop Gluten Free Chocolate Chip Cookies",
   "price": "5.49",
   "description": "7 oz ",
   "image": "https://d2lnr5mha7bycj.cloudfront.net/product-image/file/large_a22aeb58-6373-486f-8585-45c1583530ff.jpg",
   "Image 2": "",
   "Product Link": "https://www.instacart.com/store/items/4530588?source1=aisle&source2=576&source3=576&impressionId=e8ec30b7-f11e-4bde-bcc7-9ac5153fd6d9",
   "FIELD9": ""
 },
 {
   "category": "Snacks",
   "subcategory": "Cookies & Cakes",
   "name": "365 Chocolate Sandwich Cremes",
   "price": "2.99",
   "description": "20 oz ",
   "image": "https://d2lnr5mha7bycj.cloudfront.net/product-image/file/large_4f2d25f9-3816-4f07-ac04-a6c13c002e3e.jpg",
   "Image 2": "",
   "Product Link": "https://www.instacart.com/store/items/4572999?source1=aisle&source2=576&source3=576&impressionId=6fd2a16f-0a5b-44db-9286-13cb3f63f5b3",
   "FIELD9": ""
 },
 {
   "category": "Snacks",
   "subcategory": "Cookies & Cakes",
   "name": "365 Mismatched Sandwich Cremes",
   "price": "3.29",
   "description": "20 oz ",
   "image": "https://d2lnr5mha7bycj.cloudfront.net/product-image/file/large_403b18de-c008-429f-95f9-398d24e88de9.jpg",
   "Image 2": "",
   "Product Link": "https://www.instacart.com/store/items/22345787?source1=aisle&source2=576&source3=576&impressionId=de9255b9-ee83-461f-8e41-b9bd81a5afc2",
   "FIELD9": ""
 },
 {
   "category": "Snacks",
   "subcategory": "Cookies & Cakes",
   "name": "365 Organic Chocolate Chip Cookies",
   "price": "4.39",
   "description": "12 oz ",
   "image": "https://d2lnr5mha7bycj.cloudfront.net/product-image/file/large_0c3116bb-1977-4381-9576-f374c5c79ad5.jpg",
   "Image 2": "",
   "Product Link": "https://www.instacart.com/store/items/4480790?source1=aisle&source2=576&source3=576&impressionId=dcbb360a-f502-4833-bd8d-ec21b6ee69af",
   "FIELD9": ""
 },
 {
   "category": "Snacks",
   "subcategory": "Cookies & Cakes",
   "name": "365 Oyster Crackers",
   "price": "2.29",
   "description": "8 oz ",
   "image": "https://d2lnr5mha7bycj.cloudfront.net/product-image/file/large_b0e0f04a-cea9-42e7-b5f0-416223b5f024.jpg",
   "Image 2": "",
   "Product Link": "https://www.instacart.com/store/items/4531121?source1=aisle&source2=576&source3=576&impressionId=9b8db259-0311-4b57-a779-5d40222d6188",
   "FIELD9": ""
 },
 {
   "category": "Snacks",
   "subcategory": "Cookies & Cakes",
   "name": "Newman's Own Organics. Newman-O's Creme Filled Chocolate Cookies",
   "price": "5.99",
   "description": "16 oz ",
   "image": "https://d2lnr5mha7bycj.cloudfront.net/product-image/file/large_35d51e35-c7c2-4489-a885-1954f06911e4.jpg",
   "Image 2": "",
   "Product Link": "https://www.instacart.com/store/items/4528975?source1=aisle&source2=576&source3=576&impressionId=4210e75c-14c2-4998-af01-2100e9e1d653",
   "FIELD9": ""
 },
 {
   "category": "Snacks",
   "subcategory": "Cookies & Cakes",
   "name": "365 Ginger Snap Cookies",
   "price": "3.99",
   "description": "10 oz ",
   "image": "https://d2lnr5mha7bycj.cloudfront.net/product-image/file/large_eac019a9-b5a6-4342-88a7-0a4cf2607d4e.jpg",
   "Image 2": "",
   "Product Link": "https://www.instacart.com/store/items/4485693?source1=aisle&source2=576&source3=576&impressionId=1d44ee1a-c0b8-4845-af2e-69fc83653376",
   "FIELD9": ""
 },
 {
   "category": "Snacks",
   "subcategory": "Cookies & Cakes",
   "name": "365 Ginger Snap Cookies",
   "price": "3.99",
   "description": "10 oz ",
   "image": "https://d2lnr5mha7bycj.cloudfront.net/product-image/file/large_eac019a9-b5a6-4342-88a7-0a4cf2607d4e.jpg",
   "Image 2": "",
   "Product Link": "https://www.instacart.com/store/items/4485693?source1=aisle&source2=576&source3=576&impressionId=1d44ee1a-c0b8-4845-af2e-69fc83653376",
   "FIELD9": ""
 },
 {
   "category": "Snacks",
   "subcategory": "Cookies & Cakes",
   "name": "Back to Nature Fudge Mint Cookies",
   "price": "4.99",
   "description": "6.4 oz ",
   "image": "https://d2lnr5mha7bycj.cloudfront.net/product-image/file/large_f20ac02d-489f-4bc7-a714-b6dfa9caa779.jpg",
   "Image 2": "",
   "Product Link": "https://www.instacart.com/store/items/4535015?source1=aisle&source2=576&source3=576&impressionId=9586bd5e-0854-4565-97ec-55c1b5ab448c",
   "FIELD9": ""
 },
 {
   "category": "Snacks",
   "subcategory": "Cookies & Cakes",
   "name": "Tate's Bake Shop Chocolate Chip Walnut Cookies",
   "price": "5.49",
   "description": "7 oz",
   "image": "https://d2lnr5mha7bycj.cloudfront.net/product-image/file/large_2a0e26fb-a11f-4bc1-a10a-932e947c5a7e.jpg",
   "Image 2": "",
   "Product Link": "https://www.instacart.com/store/items/4530863?source1=aisle&source2=576&source3=576&impressionId=e7440cdf-443a-4046-ac2d-cce24f80b2b8",
   "FIELD9": ""
 },
 {
   "category": "Snacks",
   "subcategory": "Cookies & Cakes",
   "name": "Newman's Own Fig Fruit Filled Cookies",
   "price": "4.99",
   "description": "10 oz ",
   "image": "https://d2lnr5mha7bycj.cloudfront.net/product-image/file/large_7e4e9470-5a92-4e67-9cb8-61f8f80fba0e.jpg",
   "Image 2": "",
   "Product Link": "https://www.instacart.com/store/items/4574706?source1=aisle&source2=576&source3=576&impressionId=5e10004e-b7d7-4503-95ef-1f42d3dd0db0",
   "FIELD9": ""
 },
 {
   "category": "Snacks",
   "subcategory": "Cookies & Cakes",
   "name": "Back to Nature Mini Chocolate Chunk Cookies Pouches - 6 CT",
   "price": "4.99",
   "description": "6 x 1.25 oz ",
   "image": "https://d2lnr5mha7bycj.cloudfront.net/product-image/file/large_f21f3856-127f-4d92-8754-464d2d18b3e0.jpg",
   "Image 2": "",
   "Product Link": "https://www.instacart.com/store/items/4518824?source1=aisle&source2=576&source3=576&impressionId=6aa9788e-4a5d-4245-9adc-39a3f77c333e",
   "FIELD9": ""
 },
 {
   "category": "Snacks",
   "subcategory": "Cookies & Cakes",
   "name": "Tate's Bake Shop Whole Wheat Cookies Dark Chocolate",
   "price": "5.49",
   "description": "7 oz ",
   "image": "https://d2lnr5mha7bycj.cloudfront.net/product-image/file/large_28d1f4b5-69c7-4ba0-a446-9e58efb00f1b.jpg",
   "Image 2": "",
   "Product Link": "https://www.instacart.com/store/items/4531201?source1=aisle&source2=576&source3=576&impressionId=9b097e04-8ac0-4f81-bed7-9207fc0b5bce",
   "FIELD9": ""
 },
 {
   "category": "Snacks",
   "subcategory": "Cookies & Cakes",
   "name": "Back to Nature Chocolate Chunk Cookies",
   "price": "4.49",
   "description": "9.5 oz ",
   "image": "https://d2lnr5mha7bycj.cloudfront.net/product-image/file/large_b52ec546-e424-4dd3-b554-505994b0c93c.jpg",
   "Image 2": "",
   "Product Link": "https://www.instacart.com/store/items/4525200?source1=aisle&source2=576&source3=576&impressionId=87706022-0d8e-455e-9d51-94bcac39b489",
   "FIELD9": ""
 },
 {
   "category": "Snacks",
   "subcategory": "Cookies & Cakes",
   "name": "365 Vanilla Sandwich Creme Cookies",
   "price": "2.99",
   "description": "20 ct ",
   "image": "https://d2lnr5mha7bycj.cloudfront.net/product-image/file/large_0e28eea8-5ee4-4efd-adc7-b7a38efe5f61.jpg",
   "Image 2": "",
   "Product Link": "https://www.instacart.com/store/items/4458704?source1=aisle&source2=576&source3=576&impressionId=3953820b-7daf-475a-ad1f-8ffbb9c0797f",
   "FIELD9": ""
 },
 {
   "category": "Snacks",
   "subcategory": "Cookies & Cakes",
   "name": "Tate's Bake Shop Chocolate Chip Cookies, Gluten Free",
   "price": "5.49",
   "description": "7 oz ",
   "image": "https://d2lnr5mha7bycj.cloudfront.net/product-image/file/large_1e5d691e-b8a3-4ebc-8ea7-a6af80c3a887.jpg",
   "Image 2": "",
   "Product Link": "https://www.instacart.com/store/items/4531524?source1=aisle&source2=576&source3=576&impressionId=aa47cffe-c0c1-4632-9246-8e70c8df5f52",
   "FIELD9": ""
 },
 {
   "category": "Snacks",
   "subcategory": "Crackers",
   "name": "Annie's Homegrown Cheddar Bunny Snack Packs Cheddar Bunnies",
   "price": "4.99",
   "description": "6 x 1 oz ",
   "image": "https://d2lnr5mha7bycj.cloudfront.net/product-image/file/large_357894b4-c836-4bf0-91cb-1a54d9879ca3.JPG",
   "Image 2": "",
   "Product Link": "https://www.instacart.com/store/items/4486362?source1=aisle&source2=568&source3=568&impressionId=cc3ea26c-b109-4656-9566-8638a85410a4",
   "FIELD9": ""
 },
 {
   "category": "Snacks",
   "subcategory": "Crackers",
   "name": "Annie's Homegrown Cheddar Bunnies",
   "price": "4.39",
   "description": "7.5 oz ",
   "image": "https://d2lnr5mha7bycj.cloudfront.net/product-image/file/large_b174fe43-c6ed-4a31-9858-5ec1a87c39c7.jpg",
   "Image 2": "",
   "Product Link": "https://www.instacart.com/store/items/4486405?source1=aisle&source2=568&source3=568&impressionId=12aed764-5c62-4050-8e79-3ef1fd856837",
   "FIELD9": ""
 },
 {
   "category": "Snacks",
   "subcategory": "Crackers",
   "name": "Annie's Homegrown Organic Snack Mix Bunnies Cheddar Snack Mix, Organic",
   "price": "4.99",
   "description": "9 oz ",
   "image": "https://d2lnr5mha7bycj.cloudfront.net/product-image/file/large_2503ab7c-bf6f-4688-bdef-fb901c0dac38.jpg",
   "Image 2": "",
   "Product Link": "https://www.instacart.com/store/items/4530285?source1=aisle&source2=568&source3=568&impressionId=1243c919-027f-405b-be8b-da54d32c4ca2",
   "FIELD9": ""
 },
 {
   "category": "Snacks",
   "subcategory": "Crackers",
   "name": "365 Assorted Entertainment Crackers",
   "price": "3",
   "description": "8.8 oz ",
   "image": "https://d2lnr5mha7bycj.cloudfront.net/product-image/file/large_2d16ab80-1d7d-4266-93f5-eaee60cf3cdc.jpg",
   "Image 2": "",
   "Product Link": "https://www.instacart.com/store/items/4486577?source1=aisle&source2=568&source3=568&impressionId=3d53aa05-53c5-4c51-a1df-c0ff2deb6c15",
   "FIELD9": ""
 },
 {
   "category": "Snacks",
   "subcategory": "Crackers",
   "name": "365 Organic Graham Crackers",
   "price": "3.99",
   "description": "14.4 oz ",
   "image": "https://d2lnr5mha7bycj.cloudfront.net/product-image/file/large_dcb0393d-51a0-46e1-801e-024e70abd223.jpg",
   "Image 2": "",
   "Product Link": "https://www.instacart.com/store/items/18293625?source1=aisle&source2=568&source3=568&impressionId=f691da07-41d8-4dc7-8105-a63c1e98f6b8",
   "FIELD9": ""
 },
 {
   "category": "Snacks",
   "subcategory": "Crackers",
   "name": "365 Saltine Crackers",
   "price": "3.5",
   "description": "16 oz ",
   "image": "https://d2lnr5mha7bycj.cloudfront.net/product-image/file/large_92c60b59-2a8f-4173-bc86-5dfbef282029.jpg",
   "Image 2": "",
   "Product Link": "https://www.instacart.com/store/items/4488315?source1=aisle&source2=568&source3=568&impressionId=2427d3ef-5ca8-43d8-bd15-1f6c8e645041",
   "FIELD9": ""
 },
 {
   "category": "Snacks",
   "subcategory": "Crackers",
   "name": "365 Organic Wheat Square Crackers",
   "price": "2.99",
   "description": "8 oz ",
   "image": "https://d2lnr5mha7bycj.cloudfront.net/product-image/file/large_99aa5adb-e26f-4739-afbe-d48f1cd6457b.jpg",
   "Image 2": "",
   "Product Link": "https://www.instacart.com/store/items/4531755?source1=aisle&source2=568&source3=568&impressionId=b1f12fbb-8c15-4cbe-8deb-61d262e367e0",
   "FIELD9": ""
 },
 {
   "category": "Snacks",
   "subcategory": "Crackers",
   "name": "Blue Diamond Almond Nut-Thins Hint of Sea Salt Nut & Rice Cracker Snacks",
   "price": "3.39",
   "description": "4.25 oz ",
   "image": "https://d2lnr5mha7bycj.cloudfront.net/product-image/file/large_95900421-c9ec-4f96-b58a-867b7648489b.jpg",
   "Image 2": "",
   "Product Link": "https://www.instacart.com/store/items/4519454?source1=aisle&source2=568&source3=568&impressionId=ab97cea8-b25e-4734-98a5-91d3afa67e49",
   "FIELD9": ""
 },
 {
   "category": "Snacks",
   "subcategory": "Crackers",
   "name": "Lundberg Family Farms OG Brn Rice Cake Lightly Salted Organic Rice Cakes",
   "price": "3.99",
   "description": "8.5 oz ",
   "image": "https://d2lnr5mha7bycj.cloudfront.net/product-image/file/large_25444b95-059a-4a44-9821-1e63576b732b.jpg",
   "Image 2": "",
   "Product Link": "https://www.instacart.com/store/items/4464039?source1=aisle&source2=568&source3=568&impressionId=c6118d67-0c79-4e1f-a52c-afd0972254f7",
   "FIELD9": ""
 },
 {
   "category": "Snacks",
   "subcategory": "Crackers",
   "name": "365 Organic Original Water Crackers",
   "price": "1.99",
   "description": "4.4 oz ",
   "image": "https://d2lnr5mha7bycj.cloudfront.net/product-image/file/large_04c9ea15-f489-466e-b952-3a6f3417c135.jpg",
   "Image 2": "",
   "Product Link": "https://www.instacart.com/store/items/4537333?source1=aisle&source2=568&source3=568&impressionId=17266dea-5055-4e4e-98f4-f80cbce72b33",
   "FIELD9": ""
 },
 {
   "category": "Snacks",
   "subcategory": "Crackers",
   "name": "Back to Nature Crispy Wheat Crackers",
   "price": "3.79",
   "description": "8.0 oz ",
   "image": "https://d2lnr5mha7bycj.cloudfront.net/product-image/file/large_25c5cf15-bc02-4d55-845c-eab9e688c0bf.jpg",
   "Image 2": "",
   "Product Link": "https://www.instacart.com/store/items/4527758?source1=aisle&source2=568&source3=568&impressionId=de62e38f-976b-4bf5-acec-682d8f3bb5f7",
   "FIELD9": ""
 },
 {
   "category": "Snacks",
   "subcategory": "Crackers",
   "name": "365 Organic Classic Golden Round Crackers",
   "price": "2.5",
   "description": "8 oz ",
   "image": "https://d2lnr5mha7bycj.cloudfront.net/product-image/file/large_2f1d9804-2412-4c08-bd30-fbafb9b20893.jpg",
   "Image 2": "",
   "Product Link": "https://www.instacart.com/store/items/4484189?source1=aisle&source2=568&source3=568&impressionId=94febc4c-b9d1-48fb-82a3-d2c1d7fbfbf8",
   "FIELD9": ""
 },
 {
   "category": "Snacks",
   "subcategory": "Crackers",
   "name": "Back to Nature Crackers Harvest Whole Wheat",
   "price": "3.79",
   "description": "8.5 oz",
   "image": "https://d2lnr5mha7bycj.cloudfront.net/product-image/file/large_0824a81c-4c19-4dc4-b2a2-4d27cd5a1a4f.jpg",
   "Image 2": "",
   "Product Link": "https://www.instacart.com/store/items/4527247?source1=aisle&source2=568&source3=568&impressionId=eb2865fe-f038-410a-9ed1-60ee41c83012",
   "FIELD9": ""
 },
 {
   "category": "Snacks",
   "subcategory": "Crackers",
   "name": "365 Sesame Rice Crackers",
   "price": "1.99",
   "description": "3.57 oz ",
   "image": "https://d2lnr5mha7bycj.cloudfront.net/product-image/file/large_11dcef53-79d6-4bb3-bdd0-a49a9dd90c47.jpg",
   "Image 2": "",
   "Product Link": "https://www.instacart.com/store/items/4487127?source1=aisle&source2=568&source3=568&impressionId=10d9fdd7-4820-43b2-9842-98f053c08b6b",
   "FIELD9": ""
 },
 {
   "category": "Snacks",
   "subcategory": "Crackers",
   "name": "Back to Nature Organic Stoneground Wheat Crackers",
   "price": "3.79",
   "description": "6.0 oz ",
   "image": "https://d2lnr5mha7bycj.cloudfront.net/product-image/file/large_9a49fd3b-8ec3-421d-927b-3565eca0bf3e.jpg",
   "Image 2": "",
   "Product Link": "https://www.instacart.com/store/items/4528177?source1=aisle&source2=568&source3=568&impressionId=59124c6d-2c5a-4be8-b0cd-3586ed1541e5",
   "FIELD9": ""
 },
 {
   "category": "Snacks",
   "subcategory": "Crackers",
   "name": "Mary's Gone Crackers Original Crackers",
   "price": "5.49",
   "description": "6.5 oz ",
   "image": "https://d2lnr5mha7bycj.cloudfront.net/product-image/file/large_9fa23d7f-0c1e-448e-8d12-55b04f85b353.jpg",
   "Image 2": "",
   "Product Link": "https://www.instacart.com/store/items/4519516?source1=aisle&source2=568&source3=568&impressionId=aacc04bd-c53c-440a-8bd7-ebc685cae4ff",
   "FIELD9": ""
 },
 {
   "category": "Snacks",
   "subcategory": "Crackers",
   "name": "Late July Organic Bite Size Sandwich Crackers Mini Peanut Butter",
   "price": "4.39",
   "description": "5 oz ",
   "image": "https://d2lnr5mha7bycj.cloudfront.net/product-image/file/large_1038bdcf-4a15-4188-9eac-51231aa1e7ad.jpg",
   "Image 2": "",
   "Product Link": "https://www.instacart.com/store/items/21462207?source1=aisle&source2=568&source3=568&impressionId=5743a0c6-2235-49dc-9aa2-c7332a7e47e6",
   "FIELD9": ""
 },
 {
   "category": "Snacks",
   "subcategory": "Crackers",
   "name": "365 Woven Wheats Baked Crackers",
   "price": "2.79",
   "description": "7 oz ",
   "image": "https://d2lnr5mha7bycj.cloudfront.net/product-image/file/large_1530b72e-9f38-46b5-89f7-f7edcb9260ce.jpg",
   "Image 2": "",
   "Product Link": "https://www.instacart.com/store/items/4488893?source1=aisle&source2=568&source3=568&impressionId=5dd0c2d8-ca21-4f6e-b1a1-036d9633c9f9",
   "FIELD9": ""
 },
 {
   "category": "Snacks",
   "subcategory": "Crackers",
   "name": "Blue Diamond Almond Nut-Thins Nut & Rice Cracker Snacks",
   "price": "3.39",
   "description": "4.25 oz ",
   "image": "https://d2lnr5mha7bycj.cloudfront.net/product-image/file/large_0513675c-a2a7-404f-8ad3-a630be52484f.jpg",
   "Image 2": "",
   "Product Link": "https://www.instacart.com/store/items/4478882?source1=aisle&source2=568&source3=568&impressionId=f3a4ff42-605e-463e-97c7-27867f3b13d7",
   "FIELD9": ""
 },
 {
   "category": "Snacks",
   "subcategory": "Crackers",
   "name": "365 Golden Round Crackers",
   "price": "2.5",
   "description": "12 oz ",
   "image": "https://d2lnr5mha7bycj.cloudfront.net/product-image/file/large_7df39aa2-98ed-4292-9f59-d617955d882b.jpg",
   "Image 2": "",
   "Product Link": "https://www.instacart.com/store/items/4531552?source1=aisle&source2=568&source3=568&impressionId=9b87fc54-b5a6-40e9-9596-57ae14736279",
   "FIELD9": ""
 },
 {
   "category": "Snacks",
   "subcategory": "Energy & Granola Bars",
   "name": "Cascadian Farm Organic Chewy Chocolate Chip Granola Bars",
   "price": "4.49",
   "description": "6 x 1.2 oz ",
   "image": "https://d2lnr5mha7bycj.cloudfront.net/product-image/file/large_1aa7a637-d3be-4c8e-9236-6026b625a822.jpg",
   "Image 2": "",
   "Product Link": "https://www.instacart.com/store/items/22167380?source1=aisle&source2=523&source3=523&impressionId=e552a7b0-e034-491f-a258-a1c871ffb64a",
   "FIELD9": ""
 },
 {
   "category": "Snacks",
   "subcategory": "Energy & Granola Bars",
   "name": "Cascadian Farm Organic Chewy Sweet & Salty Peanut Pretzel Granola Bars",
   "price": "4.49",
   "description": "5 x 1.2 oz",
   "image": "https://d2lnr5mha7bycj.cloudfront.net/product-image/file/large_f9dd5f41-74b8-4675-9e42-c4097e7fe841.JPG",
   "Image 2": "",
   "Product Link": "https://www.instacart.com/store/items/29644373?source1=aisle&source2=523&source3=523&impressionId=f6b440b9-c86e-4e7a-8c4c-c12cdc062d6f",
   "FIELD9": ""
 },
 {
   "category": "Snacks",
   "subcategory": "Energy & Granola Bars",
   "name": "Cascadian Farm Organic Vanilla Chip Chewy Granola Bars",
   "price": "4.49",
   "description": "6 x 1.2 oz ",
   "image": "https://d2lnr5mha7bycj.cloudfront.net/product-image/file/large_ea19edff-b10c-4200-a2cd-f0287d7cb7d1.jpg",
   "Image 2": "",
   "Product Link": "https://www.instacart.com/store/items/4541609?source1=aisle&source2=523&source3=523&impressionId=64d735fe-65b2-4238-bcc5-1244ca7a9283",
   "FIELD9": ""
 },
 {
   "category": "Snacks",
   "subcategory": "Energy & Granola Bars",
   "name": "Clif Kid� ZBar Organic Chocolate Chip Energy Snack",
   "price": "5.99",
   "description": "6 x 1.27 oz ",
   "image": "https://d2lnr5mha7bycj.cloudfront.net/product-image/file/large_ed8d3513-6582-4c04-b7e6-578fb9a15736.jpg",
   "Image 2": "",
   "Product Link": "https://www.instacart.com/store/items/4464966?source1=aisle&source2=523&source3=523&impressionId=dbe4b7d7-954d-41c6-b9fc-f28c989848a3",
   "FIELD9": ""
 },
 {
   "category": "Snacks",
   "subcategory": "Energy & Granola Bars",
   "name": "Kind Healthy Grains Dark Chocolate Chunk Granola Bars",
   "price": "4.39",
   "description": "5 ct ",
   "image": "https://d2lnr5mha7bycj.cloudfront.net/product-image/file/large_32595945-77f5-4a4a-b574-ce31f5aab7ac.JPG",
   "Image 2": "",
   "Product Link": "https://www.instacart.com/store/items/12312638?source1=aisle&source2=523&source3=523&impressionId=11aa9a69-90dd-489a-97eb-d07edfe815c1",
   "FIELD9": ""
 },
 {
   "category": "Snacks",
   "subcategory": "Energy & Granola Bars",
   "name": "Kind Healthy Grains Oats & Honey with Toasted Coconut Granola Bars",
   "price": "4.39",
   "description": "5 ct ",
   "image": "https://d2lnr5mha7bycj.cloudfront.net/product-image/file/large_adadfa6d-e88f-48f9-a6a6-2d2d23387712.jpeg",
   "Image 2": "",
   "Product Link": "https://www.instacart.com/store/items/12312686?source1=aisle&source2=523&source3=523&impressionId=f554eb4b-3654-4bdc-8618-9ea8806be5f8",
   "FIELD9": ""
 },
 {
   "category": "Snacks",
   "subcategory": "Energy & Granola Bars",
   "name": "Kind Nuts & Spices Dark Chocolate Nuts & Sea Salt Fruit & Nut Bar",
   "price": "1.69",
   "description": "1.4 oz ",
   "image": "https://d2lnr5mha7bycj.cloudfront.net/product-image/file/large_9d0a180f-4d4d-4601-b3ca-a126fbe10c2a.jpeg",
   "Image 2": "",
   "Product Link": "https://www.instacart.com/store/items/4526764?source1=aisle&source2=523&source3=523&impressionId=2b1a8baf-c9ed-4928-95fd-23f8419ad632",
   "FIELD9": ""
 },
 {
   "category": "Snacks",
   "subcategory": "Energy & Granola Bars",
   "name": "Clif Kid� ZBar Organic Chocolate Brownie Energy Snack",
   "price": "5.99",
   "description": "6 ct ",
   "image": "https://d2lnr5mha7bycj.cloudfront.net/product-image/file/large_946de373-8148-4ef5-83c7-3dc8e1a2aa2b.jpg",
   "Image 2": "",
   "Product Link": "https://www.instacart.com/store/items/4465379?source1=aisle&source2=523&source3=523&impressionId=70fdda1a-8317-439d-be29-e93f746e779a",
   "FIELD9": ""
 },
 {
   "category": "Snacks",
   "subcategory": "Energy & Granola Bars",
   "name": "RXBAR Chocolate Sea Salt",
   "price": "2.99",
   "description": "1.83 oz ",
   "image": "https://d2lnr5mha7bycj.cloudfront.net/product-image/file/large_a99def7e-3cc1-4506-9b73-c62709ee5be0.jpg",
   "Image 2": "",
   "Product Link": "https://www.instacart.com/store/items/79542640?source1=aisle&source2=523&source3=523&impressionId=b467474d-06a5-4291-a0f1-d87a0368fdc5",
   "FIELD9": ""
 },
 {
   "category": "Snacks",
   "subcategory": "Energy & Granola Bars",
   "name": "Larabar Fruit & Nut Food Bar Peanut Butter Chocolate Chip",
   "price": "1.29",
   "description": "1.6 oz ",
   "image": "https://d2lnr5mha7bycj.cloudfront.net/product-image/file/large_d308be0d-497f-4412-8902-d72c16ebd623.jpg",
   "Image 2": "",
   "Product Link": "https://www.instacart.com/store/items/4517248?source1=aisle&source2=523&source3=523&impressionId=517ca046-5881-4522-8e0a-a520b20a4176",
   "FIELD9": ""
 },
 {
   "category": "Snacks",
   "subcategory": "Energy & Granola Bars",
   "name": "Larabar Fruit & Nut Food Bar Chocolate Chip Cookie Dough",
   "price": "1.29",
   "description": "1.6 oz ",
   "image": "https://d2lnr5mha7bycj.cloudfront.net/product-image/file/large_b5e01433-9532-47ce-a36b-3618b48f5106.jpg",
   "Image 2": "",
   "Product Link": "https://www.instacart.com/store/items/4517058?source1=aisle&source2=523&source3=523&impressionId=99f710a0-483b-44a2-956c-e9f18d155c0e",
   "FIELD9": ""
 },
 {
   "category": "Snacks",
   "subcategory": "Energy & Granola Bars",
   "name": "Health Warrior Chocolate Peanut Butter Chia Bar",
   "price": "1.79",
   "description": "0.88 oz ",
   "image": "https://d2lnr5mha7bycj.cloudfront.net/product-image/file/large_c3ecd925-eb60-45d2-b5a6-6e354d67d26e.jpg",
   "Image 2": "",
   "Product Link": "https://www.instacart.com/store/items/4505548?source1=aisle&source2=523&source3=523&impressionId=2b622ae4-dcef-48ca-81c5-5c7cf47c58c5",
   "FIELD9": ""
 },
 {
   "category": "Snacks",
   "subcategory": "Energy & Granola Bars",
   "name": "Larabar Apple Pie Fruit & Nut Bar",
   "price": "1.29",
   "description": "1.6 oz ",
   "image": "https://d2lnr5mha7bycj.cloudfront.net/product-image/file/large_dc317ca1-192f-4620-adcc-454d789ea7cb.jpg",
   "Image 2": "",
   "Product Link": "https://www.instacart.com/store/items/4527266?source1=aisle&source2=523&source3=523&impressionId=c471c2e9-5ab2-4e74-b99a-dac22accead6",
   "FIELD9": ""
 },
 {
   "category": "Snacks",
   "subcategory": "Energy & Granola Bars",
   "name": "Larabar Blueberry Muffin Fruit & Nut Bar",
   "price": "1.29",
   "description": "1.6 oz ",
   "image": "https://d2lnr5mha7bycj.cloudfront.net/product-image/file/large_1aac302e-059e-44f6-bb8b-1e5270b37c9c.jpg",
   "Image 2": "",
   "Product Link": "https://www.instacart.com/store/items/4516881?source1=aisle&source2=523&source3=523&impressionId=2f6fae7b-34cc-4e9d-a055-a0e425204433",
   "FIELD9": ""
 },
 {
   "category": "Snacks",
   "subcategory": "Energy & Granola Bars",
   "name": "Health Warrior Coconut Chia Bar",
   "price": "1.79",
   "description": "1.6 oz ",
   "image": "https://d2lnr5mha7bycj.cloudfront.net/product-image/file/large_136cee46-55a8-4d2a-810c-fea370b26ca6.jpg",
   "Image 2": "",
   "Product Link": "https://www.instacart.com/store/items/4505373?source1=aisle&source2=523&source3=523&impressionId=395d5f25-bc8a-4bf1-a0df-e27db168f3f4",
   "FIELD9": ""
 },
 {
   "category": "Snacks",
   "subcategory": "Energy & Granola Bars",
   "name": "Kind Healthy Grains Peanut Butter Dark Chocolate Granola Bars",
   "price": "4.39",
   "description": "5 ct ",
   "image": "https://d2lnr5mha7bycj.cloudfront.net/product-image/file/large_b911c7b0-f3b5-4c01-bfe0-76bc5faa4865.JPG",
   "Image 2": "",
   "Product Link": "https://www.instacart.com/store/items/21872606?source1=aisle&source2=523&source3=523&impressionId=ab9a1537-d100-4abd-8838-49fee38e5c57",
   "FIELD9": ""
 },
 {
   "category": "Snacks",
   "subcategory": "Energy & Granola Bars",
   "name": "365 Organic Dark Chocolate Chip Granola Bars",
   "price": "3.49",
   "description": "6 x 1.23 oz ",
   "image": "https://d2lnr5mha7bycj.cloudfront.net/product-image/file/large_7ec78cd7-464b-4c7c-af5b-3d40f51ce146.jpg",
   "Image 2": "",
   "Product Link": "https://www.instacart.com/store/items/14956070?source1=aisle&source2=523&source3=523&impressionId=9328e204-65ca-4e25-b219-4271857b911f",
   "FIELD9": ""
 },
 {
   "category": "Snacks",
   "subcategory": "Energy & Granola Bars",
   "name": "Larabar Peanut Butter Cookie Fruit & Nut Bar",
   "price": "1.29",
   "description": "1.7 oz ",
   "image": "https://d2lnr5mha7bycj.cloudfront.net/product-image/file/large_1904915c-6198-4635-a7c3-743631ba4719.jpg",
   "Image 2": "",
   "Product Link": "https://www.instacart.com/store/items/21574942?source1=aisle&source2=523&source3=523&impressionId=b15293ad-c0d2-4365-bfd7-14647bca0710",
   "FIELD9": ""
 },
 {
   "category": "Snacks",
   "subcategory": "Energy & Granola Bars",
   "name": "RXBAR Coconut Chocolate",
   "price": "2.99",
   "description": "1.83 oz ",
   "image": "https://d2lnr5mha7bycj.cloudfront.net/product-image/file/large_6a57602a-62b3-44b7-97c2-48846ff1ee3a.jpg",
   "Image 2": "",
   "Product Link": "https://www.instacart.com/store/items/79542696?source1=aisle&source2=523&source3=523&impressionId=0e619bc5-7a2b-4b36-97d9-eda3f24a87f0",
   "FIELD9": ""
 },
 {
   "category": "Snacks",
   "subcategory": "Energy & Granola Bars",
   "name": "Clif Kid� ZBar Organic Iced Oatmeal Cookie Energy Snack",
   "price": "5.99",
   "description": "6 ct ",
   "image": "https://d2lnr5mha7bycj.cloudfront.net/product-image/file/large_70a68be8-7fd9-4ffa-866e-b128b259b759.jpg",
   "Image 2": "",
   "Product Link": "https://www.instacart.com/store/items/12901607?source1=aisle&source2=523&source3=523&impressionId=e7b98d19-bb5f-4930-93ba-9af3a49a06cb",
   "FIELD9": ""
 },
 {
   "category": "Snacks",
   "subcategory": "Ice Cream Toppings",
   "name": "Santa Cruz Organics Chocolate Flavored Syrup",
   "price": "5.99",
   "description": "15.5 oz ",
   "image": "https://d2lnr5mha7bycj.cloudfront.net/product-image/file/large_f75e898b-b836-4a31-abc6-ef9a1740e998.jpg",
   "Image 2": "",
   "Product Link": "https://www.instacart.com/store/items/4488916?source1=aisle&source2=3652&source3=3652&impressionId=8f34accd-b8e2-4617-8cf0-1820ef1e1648",
   "FIELD9": ""
 },
 {
   "category": "Snacks",
   "subcategory": "Ice Cream Toppings",
   "name": "Let's Do...Organic Ice Cream Cones - 12 CT",
   "price": "3.39",
   "description": "12 ct ",
   "image": "https://d2lnr5mha7bycj.cloudfront.net/product-image/file/large_7ce9dd3e-d684-46a3-9cf6-0338cdcefa66.jpg",
   "Image 2": "",
   "Product Link": "https://www.instacart.com/store/items/4473843?source1=aisle&source2=3652&source3=3652&impressionId=e8551b94-226b-45ad-bfc9-59eaf2ef6e9d",
   "FIELD9": ""
 },
 {
   "category": "Snacks",
   "subcategory": "Ice Cream Toppings",
   "name": "Let's Do...Organic Sugar Cones - 12 CT",
   "price": "4.99",
   "description": "4.6 oz ",
   "image": "https://d2lnr5mha7bycj.cloudfront.net/product-image/file/large_80de65ab-5e38-416a-ad97-e61f133c597f.jpg",
   "Image 2": "",
   "Product Link": "https://www.instacart.com/store/items/4473758?source1=aisle&source2=3652&source3=3652&impressionId=7428fe8d-c61a-45f3-afcc-f98871b592e0",
   "FIELD9": ""
 },
 {
   "category": "Snacks",
   "subcategory": "Ice Cream Toppings",
   "name": "Tillen Farms Gluten Free Pitted Cherries Merry Maraschino",
   "price": "6.99",
   "description": "14 oz ",
   "image": "https://d2lnr5mha7bycj.cloudfront.net/product-image/file/large_e3d8fcb3-5bee-40d6-a69c-55f9451c1fca.jpg",
   "Image 2": "",
   "Product Link": "https://www.instacart.com/store/items/4535881?source1=aisle&source2=3652&source3=3652&impressionId=885253b4-a87f-49b4-ae20-8278adaf7555",
   "FIELD9": ""
 },
 {
   "category": "Snacks",
   "subcategory": "Ice Cream Toppings",
   "name": "Foxs Chocolate Syrup",
   "price": "6.99",
   "description": "24 oz ",
   "image": "https://d2lnr5mha7bycj.cloudfront.net/product-image/file/large_4d06df86-aba4-4102-8085-07377aa5b252.jpg",
   "Image 2": "",
   "Product Link": "https://www.instacart.com/store/items/4529820?source1=aisle&source2=3652&source3=3652&impressionId=d3e07018-3113-4c2c-8923-268ae14b998d",
   "FIELD9": ""
 },
 {
   "category": "Snacks",
   "subcategory": "Ice Cream Toppings",
   "name": "Edward & Sons Let's Do...Gluten Free Ice Cream Cones",
   "price": "4.39",
   "description": "12 ct ",
   "image": "https://d2lnr5mha7bycj.cloudfront.net/product-image/file/large_2c653327-91c0-493b-bd50-8eeccfef549d.jpg",
   "Image 2": "",
   "Product Link": "https://www.instacart.com/store/items/4540372?source1=aisle&source2=3652&source3=3652&impressionId=7dd37667-d278-439a-aace-a065bcfedd7d",
   "FIELD9": ""
 },
 {
   "category": "Snacks",
   "subcategory": "Ice Cream Toppings",
   "name": "Edward & Sons Let's Do...Gluten Free Sugar Cone",
   "price": "4.69",
   "description": "12 ct ",
   "image": "https://d2lnr5mha7bycj.cloudfront.net/product-image/file/large_cc9e3e45-37a9-4195-914f-a0f957f2563a.jpg",
   "Image 2": "",
   "Product Link": "https://www.instacart.com/store/items/4535662?source1=aisle&source2=3652&source3=3652&impressionId=275d94d4-0947-49f3-8df9-2cd9d88e4d98",
   "FIELD9": ""
 },
 {
   "category": "Snacks",
   "subcategory": "Ice Cream Toppings",
   "name": "Fran's Classic Caramel Sauce",
   "price": "8.99",
   "description": "10 oz ",
   "image": "https://d2lnr5mha7bycj.cloudfront.net/product-image/file/large_5a797ee7-b3f9-4167-829d-26313a4c3c78.jpg",
   "Image 2": "",
   "Product Link": "https://www.instacart.com/store/items/4528917?source1=aisle&source2=3652&source3=3652&impressionId=84402d19-7730-4b75-abc8-d08ad4de9e86",
   "FIELD9": ""
 },
 {
   "category": "Snacks",
   "subcategory": "Ice Cream Toppings",
   "name": "Fran's Dark Chocolate Sauce",
   "price": "8.99",
   "description": "10 oz ",
   "image": "https://d2lnr5mha7bycj.cloudfront.net/product-image/file/large_2f332132-9e36-4393-8646-10b22adb0331.jpg",
   "Image 2": "",
   "Product Link": "https://www.instacart.com/store/items/4528971?source1=aisle&source2=3652&source3=3652&impressionId=44d5efa1-2635-4dd3-bc04-140761648ead",
   "FIELD9": ""
 },
 {
   "category": "Snacks",
   "subcategory": "Ice Cream Toppings",
   "name": "Royal Harvest Bordeaux Maraschino Cherries",
   "price": "6.49",
   "description": "13.5 oz ",
   "image": "https://d2lnr5mha7bycj.cloudfront.net/product-image/file/large_90f4bdcd-cc36-4e1b-aad0-9bd40ef5dea1.jpg",
   "Image 2": "",
   "Product Link": "https://www.instacart.com/store/items/35675847?source1=aisle&source2=3652&source3=3652&impressionId=9bb9058c-ebfd-40be-89e5-969cbf02f09a",
   "FIELD9": ""
 },
 {
   "category": "Snacks",
   "subcategory": "Ice Cream Toppings",
   "name": "Wax Orchards Oh, Fudge!",
   "price": "6.49",
   "description": "11 oz ",
   "image": "https://d2lnr5mha7bycj.cloudfront.net/product-image/file/large_a459eb2c-0e98-49e5-8536-a722a4eb838f.jpg",
   "Image 2": "",
   "Product Link": "https://www.instacart.com/store/items/4527732?source1=aisle&source2=3652&source3=3652&impressionId=2073d142-d597-4bd8-a1ce-c8dcaa5002ae",
   "FIELD9": ""
 },
 {
   "category": "Snacks",
   "subcategory": "Ice Cream Toppings",
   "name": "Royal Harvest Nature's Maraschino Cherries",
   "price": "6.49",
   "description": "13.5 oz ",
   "image": "https://d2lnr5mha7bycj.cloudfront.net/product-image/file/large_7fecaf31-74cd-4190-b6bb-8c3e6f6e84ba.jpg",
   "Image 2": "",
   "Product Link": "https://www.instacart.com/store/items/33180273?source1=aisle&source2=3652&source3=3652&impressionId=dfdeb304-ba3c-4b0d-ac4c-f6054da419a1",
   "FIELD9": ""
 },
 {
   "category": "Snacks",
   "subcategory": "Ice Cream Toppings",
   "name": "Wax Orchards Classic Fudge",
   "price": "7.99",
   "description": "11 oz ",
   "image": "https://d2lnr5mha7bycj.cloudfront.net/product-image/file/large_29cb34f5-021b-495d-99d0-6f5c45880160.jpg",
   "Image 2": "",
   "Product Link": "https://www.instacart.com/store/items/4527714?source1=aisle&source2=3652&source3=3652&impressionId=d6ebcb4a-be83-4a87-a006-8e1977d04943",
   "FIELD9": ""
 },
 {
   "category": "Snacks",
   "subcategory": "Nuts, Seeds & Dried Fruit",
   "name": "Bare Organic Cinnamon Apple Chips",
   "price": "4.69",
   "description": "3 oz ",
   "image": "https://d2lnr5mha7bycj.cloudfront.net/product-image/file/large_1bf77740-888a-4616-bcf3-2a962d5ac933.jpg",
   "Image 2": "",
   "Product Link": "https://www.instacart.com/store/items/19077389?source1=aisle&source2=529&source3=529&impressionId=4536fb9b-242e-4c7f-b207-12da93312992",
   "FIELD9": ""
 },
 {
   "category": "Snacks",
   "subcategory": "Nuts, Seeds & Dried Fruit",
   "name": "365 Whole Almonds",
   "price": "6.99",
   "description": "16 oz ",
   "image": "https://d2lnr5mha7bycj.cloudfront.net/product-image/file/large_c375f267-0e3c-4c63-8fa7-b47c3121ff07.jpg",
   "Image 2": "",
   "Product Link": "https://www.instacart.com/store/items/4520220?source1=aisle&source2=529&source3=529&impressionId=ccdb455c-ebb8-4b54-b448-0a2813723a4d",
   "FIELD9": ""
 },
 {
   "category": "Snacks",
   "subcategory": "Nuts, Seeds & Dried Fruit",
   "name": "Roasted Salted Almonds",
   "price": "6.99",
   "description": "16 oz ",
   "image": "https://d2lnr5mha7bycj.cloudfront.net/product-image/file/large_69843710-644a-4db1-8d8f-d82889b9ff35.jpg",
   "Image 2": "",
   "Product Link": "https://www.instacart.com/store/items/21010305?source1=aisle&source2=529&source3=529&impressionId=9001898c-b23c-4425-ac41-d15448b132f0",
   "FIELD9": ""
 },
 {
   "category": "Snacks",
   "subcategory": "Nuts, Seeds & Dried Fruit",
   "name": "365 Chopped Walnuts",
   "price": "5.49",
   "description": "8 oz ",
   "image": "https://d2lnr5mha7bycj.cloudfront.net/product-image/file/large_98f40579-9c9b-4845-9244-1443ebf6c88c.jpg",
   "Image 2": "",
   "Product Link": "https://www.instacart.com/store/items/4537530?source1=aisle&source2=529&source3=529&impressionId=df14a0bf-6954-4738-80eb-1c1f30f5e62f",
   "FIELD9": ""
 },
 {
   "category": "Snacks",
   "subcategory": "Nuts, Seeds & Dried Fruit",
   "name": "365 Organic Whole Raw Cashews",
   "price": "7.99",
   "description": "12 oz ",
   "image": "https://d2lnr5mha7bycj.cloudfront.net/product-image/file/large_b687b7cf-b123-49bd-b453-32f2480d4886.jpg",
   "Image 2": "",
   "Product Link": "https://www.instacart.com/store/items/4518506?source1=aisle&source2=529&source3=529&impressionId=b7039956-b7a9-48b0-a4a3-2a2b22c288e9",
   "FIELD9": ""
 },
 {
   "category": "Snacks",
   "subcategory": "Nuts, Seeds & Dried Fruit",
   "name": "365 Organic Roasted Salted Cashews",
   "price": "7.99",
   "description": "12 oz ",
   "image": "https://d2lnr5mha7bycj.cloudfront.net/product-image/file/large_76ab36ec-db44-477a-940a-b06365a7af92.jpg",
   "Image 2": "",
   "Product Link": "https://www.instacart.com/store/items/4590905?source1=aisle&source2=529&source3=529&impressionId=415b4752-23c0-429e-883c-ad309ad18e4c",
   "FIELD9": ""
 },
 {
   "category": "Snacks",
   "subcategory": "Nuts, Seeds & Dried Fruit",
   "name": "365 Organic Sliced Mango Dried",
   "price": "7.99",
   "description": "8 oz ",
   "image": "https://d2lnr5mha7bycj.cloudfront.net/product-image/file/large_24a00083-56d5-4e79-80fd-def4dbfc504b.jpg",
   "Image 2": "",
   "Product Link": "https://www.instacart.com/store/items/4518322?source1=aisle&source2=529&source3=529&impressionId=b54b1aa7-d3e8-4fc4-8607-88605e05acfc",
   "FIELD9": ""
 },
 {
   "category": "Snacks",
   "subcategory": "Nuts, Seeds & Dried Fruit",
   "name": "365 Roasted Salted Cashews",
   "price": "7.99",
   "description": "16 oz ",
   "image": "https://d2lnr5mha7bycj.cloudfront.net/product-image/file/large_83f9b0c8-0985-4c8b-8af8-0eb25cd8ffe2.jpg",
   "Image 2": "",
   "Product Link": "https://www.instacart.com/store/items/4519729?source1=aisle&source2=529&source3=529&impressionId=8edf29b6-4934-4f94-b0a4-ea0e041cd371",
   "FIELD9": ""
 },
 {
   "category": "Snacks",
   "subcategory": "Nuts, Seeds & Dried Fruit",
   "name": "365 Roasted & Unsalted Cashews",
   "price": "7.99",
   "description": "16 oz ",
   "image": "https://d2lnr5mha7bycj.cloudfront.net/product-image/file/large_a6afba6a-4631-4d10-b572-276bb4245cf8.jpg",
   "Image 2": "",
   "Product Link": "https://www.instacart.com/store/items/4519600?source1=aisle&source2=529&source3=529&impressionId=89494c14-ea68-48c1-a553-cfeebec454e3",
   "FIELD9": ""
 },
 {
   "category": "Snacks",
   "subcategory": "Nuts, Seeds & Dried Fruit",
   "name": "365 Salted Roasted Pistachios",
   "price": "6.99",
   "description": "12 oz ",
   "image": "https://d2lnr5mha7bycj.cloudfront.net/product-image/file/large_7250efa7-8cea-401d-bf52-50e6045158d8.jpg",
   "Image 2": "",
   "Product Link": "https://www.instacart.com/store/items/16808884?source1=aisle&source2=529&source3=529&impressionId=7bec064b-12c3-4ca3-b85a-d2919e20e63b",
   "FIELD9": ""
 },
 {
   "category": "Snacks",
   "subcategory": "Nuts, Seeds & Dried Fruit",
   "name": "365 Organic Light Buttered Flavor Microwave Popcorn",
   "price": "2.99",
   "description": "3x3 oz ",
   "image": "https://d2lnr5mha7bycj.cloudfront.net/product-image/file/large_25fddbd2-58b2-4857-8670-cf02bafa1b1a.jpg",
   "Image 2": "",
   "Product Link": "https://www.instacart.com/store/items/14068614?source1=aisle&source2=529&source3=529&impressionId=94ea2a93-2a47-4289-9acd-2179d56cc714",
   "FIELD9": ""
 },
 {
   "category": "Snacks",
   "subcategory": "Nuts, Seeds & Dried Fruit",
   "name": "365 Organic Thompson Seedless Raisins",
   "price": "3.99",
   "description": "15 oz ",
   "image": "https://d2lnr5mha7bycj.cloudfront.net/product-image/file/large_f2a15bbd-cac0-469a-91b9-774c3d5209ea.jpg",
   "Image 2": "",
   "Product Link": "https://www.instacart.com/store/items/22197721?source1=aisle&source2=529&source3=529&impressionId=eb66d586-9733-4d64-be24-9ef7c2d3eb58",
   "FIELD9": ""
 },
 {
   "category": "Snacks",
   "subcategory": "Nuts, Seeds & Dried Fruit",
   "name": "365 Organic Whole Almonds",
   "price": "8.99",
   "description": "10 oz ",
   "image": "https://d2lnr5mha7bycj.cloudfront.net/product-image/file/large_d3eee6e6-33a8-4f7a-849e-ab19204437bf.jpg",
   "Image 2": "",
   "Product Link": "https://www.instacart.com/store/items/21928403?source1=aisle&source2=529&source3=529&impressionId=1ade7a3b-1997-4952-b675-ab787b6cd47f",
   "FIELD9": ""
 },
 {
   "category": "Snacks",
   "subcategory": "Nuts, Seeds & Dried Fruit",
   "name": "365 Roasted & Unsalted Peanuts",
   "price": "3.49",
   "description": "16 oz ",
   "image": "https://d2lnr5mha7bycj.cloudfront.net/product-image/file/large_30cf51ec-4d1e-45e1-a1b6-4d387968ed59.jpg",
   "Image 2": "",
   "Product Link": "https://www.instacart.com/store/items/4539226?source1=aisle&source2=529&source3=529&impressionId=b2180720-f8b8-439d-968b-98c9be44cb66",
   "FIELD9": ""
 },
 {
   "category": "Snacks",
   "subcategory": "Nuts, Seeds & Dried Fruit",
   "name": "365 Sweetened Dried Cranberries",
   "price": "2.99",
   "description": "8 oz ",
   "image": "https://d2lnr5mha7bycj.cloudfront.net/product-image/file/large_33099671-b37c-4dc3-9464-4b1466bc747a.jpg",
   "Image 2": "",
   "Product Link": "https://www.instacart.com/store/items/25219781?source1=aisle&source2=529&source3=529&impressionId=64ccf801-be25-4ce7-8433-74ed087dc025",
   "FIELD9": ""
 },
 {
   "category": "Snacks",
   "subcategory": "Nuts, Seeds & Dried Fruit",
   "name": "365 Unsalted Pine Nuts",
   "price": "12.99",
   "description": "8 oz ",
   "image": "https://d2lnr5mha7bycj.cloudfront.net/product-image/file/large_32f54212-d97b-4db7-8461-f71b88c5d6bf.jpg",
   "Image 2": "",
   "Product Link": "https://www.instacart.com/store/items/4574773?source1=aisle&source2=529&source3=529&impressionId=cabaaa48-8867-4c47-8042-a2ae8ccc1d67",
   "FIELD9": ""
 },
 {
   "category": "Snacks",
   "subcategory": "Nuts, Seeds & Dried Fruit",
   "name": "365 Walnut Halves & Pieces",
   "price": "8.99",
   "description": "16 oz ",
   "image": "https://d2lnr5mha7bycj.cloudfront.net/product-image/file/large_4f29709d-8397-46d1-b310-81b54d5acdbb.jpg",
   "Image 2": "",
   "Product Link": "https://www.instacart.com/store/items/4537725?source1=aisle&source2=529&source3=529&impressionId=c25ffc6b-bcee-4f7f-aa41-949f75bdb994",
   "FIELD9": ""
 },
 {
   "category": "Snacks",
   "subcategory": "Nuts, Seeds & Dried Fruit",
   "name": "365 Pitted Prunes",
   "price": "3.69",
   "description": "8 oz ",
   "image": "https://d2lnr5mha7bycj.cloudfront.net/product-image/file/large_7fba7e60-f102-48c5-bb99-89693ab1d97c.jpg",
   "Image 2": "",
   "Product Link": "https://www.instacart.com/store/items/4538685?source1=aisle&source2=529&source3=529&impressionId=a0a7e692-fdd1-4912-a9f4-89ef3861999f",
   "FIELD9": ""
 },
 {
   "category": "Snacks",
   "subcategory": "Nuts, Seeds & Dried Fruit",
   "name": "Whole Kids Organic Raisins",
   "price": "2.99",
   "description": "6 x 1.5 oz ",
   "image": "https://d2lnr5mha7bycj.cloudfront.net/product-image/file/large_47bdce59-8529-494f-8c43-f748db716540.jpg",
   "Image 2": "",
   "Product Link": "https://www.instacart.com/store/items/22399003?source1=aisle&source2=529&source3=529&impressionId=fb9b75f0-dc29-41dd-bd72-bfb93c3d7ffe",
   "FIELD9": ""
 },
 {
   "category": "Snacks",
   "subcategory": "Nuts, Seeds & Dried Fruit",
   "name": "365 Roasted Salted Deluxe Mixed Nuts",
   "price": "8.99",
   "description": "16 oz ",
   "image": "https://d2lnr5mha7bycj.cloudfront.net/product-image/file/large_a12fa548-8329-4ee9-a699-11919b8c7487.jpg",
   "Image 2": "",
   "Product Link": "https://www.instacart.com/store/items/4519350?source1=aisle&source2=529&source3=529&impressionId=e3116dce-6b44-4fab-a459-f3030c845a3a",
   "FIELD9": ""
 },
 {
   "category": "Snacks",
   "subcategory": "Popcorn & Jerky",
   "name": "Vermont Smoke & Cure� BBQ Beef Jerky Sticks",
   "price": "5.99",
   "description": "6 x 0.5 oz ",
   "image": "https://d2lnr5mha7bycj.cloudfront.net/product-image/file/large_5acd9778-a007-4e07-a91c-b0505f0103ee.jpg",
   "Image 2": "",
   "Product Link": "https://www.instacart.com/store/items/53809088?source1=aisle&source2=587&source3=587&impressionId=5955bce6-3003-4b73-80fc-fd8fc547cb7f",
   "FIELD9": ""
 },
 {
   "category": "Snacks",
   "subcategory": "Popcorn & Jerky",
   "name": "365 Organic Classic Salted Popcorn",
   "price": "2.29",
   "description": "6 oz ",
   "image": "https://d2lnr5mha7bycj.cloudfront.net/product-image/file/large_548ba328-5049-4de2-b99b-1780de2be5c7.jpg",
   "Image 2": "",
   "Product Link": "https://www.instacart.com/store/items/4541291?source1=aisle&source2=587&source3=587&impressionId=00920dad-20ef-4e45-a1ce-59d8dc44a1c4",
   "FIELD9": ""
 },
 {
   "category": "Snacks",
   "subcategory": "Popcorn & Jerky",
   "name": "365 Organic White Cheddar Popcorn",
   "price": "2.49",
   "description": "4 oz ",
   "image": "https://d2lnr5mha7bycj.cloudfront.net/product-image/file/large_35049c90-6db2-478f-aab6-d709b8f26db6.jpg",
   "Image 2": "",
   "Product Link": "https://www.instacart.com/store/items/4541047?source1=aisle&source2=587&source3=587&impressionId=f82c271d-e3e3-4cd1-b2e9-0dcaba5cd845",
   "FIELD9": ""
 },
 {
   "category": "Snacks",
   "subcategory": "Popcorn & Jerky",
   "name": "Pirate's Booty Aged White Cheddar Baked Rice and Corn Puffs",
   "price": "3.49",
   "description": "4.0 oz ",
   "image": "https://d2lnr5mha7bycj.cloudfront.net/product-image/file/large_c010b322-f045-4735-88fb-26078b9d4fbe.jpg",
   "Image 2": "",
   "Product Link": "https://www.instacart.com/store/items/4537647?source1=aisle&source2=587&source3=587&impressionId=0141c142-157f-4433-bad1-9c1addb0982c",
   "FIELD9": ""
 },
 {
   "category": "Snacks",
   "subcategory": "Popcorn & Jerky",
   "name": "365 Organic Butter Flavored Microwave Popcorn ",
   "price": "2.99",
   "description": "3x3.5 oz ",
   "image": "https://d2lnr5mha7bycj.cloudfront.net/product-image/file/large_1559bd23-712e-4b77-bded-a2b4814cb9ad.jpg",
   "Image 2": "",
   "Product Link": "https://www.instacart.com/store/items/4463064?source1=aisle&source2=587&source3=587&impressionId=a9452d65-9b44-423a-ac5f-6e70d753dd5b",
   "FIELD9": ""
 },
 {
   "category": "Snacks",
   "subcategory": "Popcorn & Jerky",
   "name": "365 Organic Light Buttered Flavor Microwave Popcorn",
   "price": "2.99",
   "description": "3x3 oz ",
   "image": "https://d2lnr5mha7bycj.cloudfront.net/product-image/file/large_25fddbd2-58b2-4857-8670-cf02bafa1b1a.jpg",
   "Image 2": "",
   "Product Link": "https://www.instacart.com/store/items/14068614?source1=aisle&source2=587&source3=587&impressionId=abf9eb4a-d200-4eec-96ae-c117969da3e4",
   "FIELD9": ""
 },
 {
   "category": "Snacks",
   "subcategory": "Popcorn & Jerky",
   "name": "365 Organic Reduced Fat & Sodium Popcorn",
   "price": "2.49",
   "description": "6 oz ",
   "image": "https://d2lnr5mha7bycj.cloudfront.net/product-image/file/large_fa764064-0532-4492-bdd3-226a9dc73143.jpg",
   "Image 2": "",
   "Product Link": "https://www.instacart.com/store/items/4541146?source1=aisle&source2=587&source3=587&impressionId=4c08e755-80cd-4173-9f22-b359f7f17db4",
   "FIELD9": ""
 },
 {
   "category": "Snacks",
   "subcategory": "Popcorn & Jerky",
   "name": "365 Organic Original Turkey Jerky",
   "price": "7.99",
   "description": "3 oz ",
   "image": "https://d2lnr5mha7bycj.cloudfront.net/product-image/file/large_216147b2-bc9d-4885-b3c1-5e4714906fd2.jpg",
   "Image 2": "",
   "Product Link": "https://www.instacart.com/store/items/4481268?source1=aisle&source2=587&source3=587&impressionId=2bacf48b-9ec7-41b8-93e4-460341f43f1d",
   "FIELD9": ""
 },
 {
   "category": "Snacks",
   "subcategory": "Popcorn & Jerky",
   "name": "Boomchickapop Sea Salt Popcorn",
   "price": "3.99",
   "description": "4.8 oz ",
   "image": "https://d2lnr5mha7bycj.cloudfront.net/product-image/file/large_2da699aa-6a15-48ed-b0c5-16082bfa0641.jpg",
   "Image 2": "",
   "Product Link": "https://www.instacart.com/store/items/14395923?source1=aisle&source2=587&source3=587&impressionId=852792d1-29c1-4e76-b8da-0842f449de78",
   "FIELD9": ""
 },
 {
   "category": "Snacks",
   "subcategory": "Popcorn & Jerky",
   "name": "SkinnyPop Original Popcorn",
   "price": "3.69",
   "description": "4.4 oz ",
   "image": "https://d2lnr5mha7bycj.cloudfront.net/product-image/file/large_781035b7-56df-4106-b942-6e4ef571af04.jpg",
   "Image 2": "",
   "Product Link": "https://www.instacart.com/store/items/8165656?source1=aisle&source2=587&source3=587&impressionId=6fdfef0d-6ba4-4f89-8cf2-85a2f84d15d3",
   "FIELD9": ""
 },
 {
   "category": "Snacks",
   "subcategory": "Popcorn & Jerky",
   "name": "SkinnyPop White Cheddar Popcorn",
   "price": "3.69",
   "description": "4.4 oz ",
   "image": "https://d2lnr5mha7bycj.cloudfront.net/product-image/file/large_6d40d9b0-d2bf-4096-a815-b79ef7623728.jpg",
   "Image 2": "",
   "Product Link": "https://www.instacart.com/store/items/37492198?source1=aisle&source2=587&source3=587&impressionId=4cff5d5a-611a-430b-98b5-957b3442abb0",
   "FIELD9": ""
 },
 {
   "category": "Snacks",
   "subcategory": "Popcorn & Jerky",
   "name": "365 Teriyaki Jerky",
   "price": "7.99",
   "description": "3 oz ",
   "image": "https://d2lnr5mha7bycj.cloudfront.net/product-image/file/large_a1e2ae64-92fe-43ae-a192-a7172386bb03.jpg",
   "Image 2": "",
   "Product Link": "https://www.instacart.com/store/items/4481379?source1=aisle&source2=587&source3=587&impressionId=a1c3e849-8d53-4760-bcb8-3d7679be7d77",
   "FIELD9": ""
 },
 {
   "category": "Snacks",
   "subcategory": "Popcorn & Jerky",
   "name": "365 Organics Peppered Beef Jerkey",
   "price": "7.99",
   "description": "3 oz ",
   "image": "https://d2lnr5mha7bycj.cloudfront.net/product-image/file/large_7ede91a2-5ce1-4b79-9149-524adc6098e5.jpg",
   "Image 2": "",
   "Product Link": "https://www.instacart.com/store/items/18461300?source1=aisle&source2=587&source3=587&impressionId=d78a8598-a0e2-44d8-b8ec-2417e872f8f8",
   "FIELD9": ""
 },
 {
   "category": "Snacks",
   "subcategory": "Popcorn & Jerky",
   "name": "365 Organic Original Jerky\n\n",
   "price": "7.99",
   "description": "3 oz ",
   "image": "https://d2lnr5mha7bycj.cloudfront.net/product-image/file/large_5c06ba8f-e858-426c-a0bc-e81738a3cbf9.jpg",
   "Image 2": "",
   "Product Link": "https://www.instacart.com/store/items/4481489?source1=aisle&source2=587&source3=587&impressionId=44dd8145-0fc9-4a85-b6b6-c4b7ef84ff87",
   "FIELD9": ""
 },
 {
   "category": "Snacks",
   "subcategory": "Popcorn & Jerky",
   "name": "Vermont Smoke & Cure� BBQ Beef Jerky Sticks",
   "price": "7.99",
   "description": "3 oz ",
   "image": "https://d2lnr5mha7bycj.cloudfront.net/product-image/file/large_c698b0d1-fbcb-4b43-8916-b63e0d5e4d89.jpg",
   "Image 2": "",
   "Product Link": "https://www.instacart.com/store/items/70855479?source1=aisle&source2=587&source3=587&impressionId=f484aabc-d3ef-4e6b-971e-3b9ca00cf3e2",
   "FIELD9": ""
 },
 {
   "category": "Snacks",
   "subcategory": "Popcorn & Jerky",
   "name": "365 Organic Teriyaki Turkey Jerky",
   "price": "7.99",
   "description": "3 oz ",
   "image": "https://d2lnr5mha7bycj.cloudfront.net/product-image/file/large_a403e07f-2a82-4709-a081-8d24903744bd.jpg",
   "Image 2": "",
   "Product Link": "https://www.instacart.com/store/items/18847005?source1=aisle&source2=587&source3=587&impressionId=200734eb-6f50-4887-8d3f-d9947e450361",
   "FIELD9": ""
 },
 {
   "category": "Snacks",
   "subcategory": "Popcorn & Jerky",
   "name": "365 Organic Sweet & Salty Kettle Corn",
   "price": "1.99",
   "description": "6 oz ",
   "image": "https://d2lnr5mha7bycj.cloudfront.net/product-image/file/large_57922a35-9b6c-4db4-ae46-465aca91cd41.jpg",
   "Image 2": "",
   "Product Link": "https://www.instacart.com/store/items/4540944?source1=aisle&source2=587&source3=587&impressionId=ef91334d-d118-4aea-908d-37281b2a434b",
   "FIELD9": ""
 },
 {
   "category": "Snacks",
   "subcategory": "Popcorn & Jerky",
   "name": "Arrowhead Mills Organic Popcorn",
   "price": "3.99",
   "description": "28.0 oz ",
   "image": "https://d2lnr5mha7bycj.cloudfront.net/product-image/file/large_1d12e6e0-b143-4e07-925e-53f20665abf1.jpg",
   "Image 2": "",
   "Product Link": "https://www.instacart.com/store/items/6780324?source1=aisle&source2=587&source3=587&impressionId=6ee0e0b6-3801-436c-bbb4-b7a7fbc12fc9",
   "FIELD9": ""
 },
 {
   "category": "Snacks",
   "subcategory": "Popcorn & Jerky",
   "name": "365 Organic Reduced Fat And Sodium Popcorn",
   "price": "4.99",
   "description": "6 x 0.35 oz ",
   "image": "https://d2lnr5mha7bycj.cloudfront.net/product-image/file/large_ee0e6d1a-5831-480f-a426-20c3141a9e1e.jpg",
   "Image 2": "",
   "Product Link": "https://www.instacart.com/store/items/22192092?source1=aisle&source2=587&source3=587&impressionId=35e0b8b0-620b-4667-8296-e9a9bbbe1572",
   "FIELD9": ""
 },
 {
   "category": "Snacks",
   "subcategory": "Trail Mix & Snack Mix",
   "name": "Annie's Homegrown Organic Snack Mix Bunnies Cheddar Snack Mix, Organic",
   "price": "4.99",
   "description": "9 oz",
   "image": "https://d2lnr5mha7bycj.cloudfront.net/product-image/file/large_2503ab7c-bf6f-4688-bdef-fb901c0dac38.jpg",
   "Image 2": "",
   "Product Link": "https://www.instacart.com/store/items/4530285?source1=aisle&source2=3653&source3=3653&impressionId=e1ec39e7-fb04-45a7-9f56-73e607daf1cf",
   "FIELD9": ""
 },
 {
   "category": "Snacks",
   "subcategory": "Trail Mix & Snack Mix",
   "name": "365 Cape Cod Trail Mix",
   "price": "6.99",
   "description": "16 oz ",
   "image": "https://d2lnr5mha7bycj.cloudfront.net/product-image/file/large_25c8272d-6023-4eff-b957-7114070a362f.jpg",
   "Image 2": "",
   "Product Link": "https://www.instacart.com/store/items/4538130?source1=aisle&source2=3653&source3=3653&impressionId=b40361a2-58b5-4d24-aa29-6f2058b7b5bf",
   "FIELD9": ""
 },
 {
   "category": "Snacks",
   "subcategory": "Trail Mix & Snack Mix",
   "name": "365 Treasure Hunt Trail Mix",
   "price": "7.99",
   "description": "16 oz ",
   "image": "https://d2lnr5mha7bycj.cloudfront.net/product-image/file/large_2d34546b-4fbd-4f88-9299-809f10b95262.jpg",
   "Image 2": "",
   "Product Link": "https://www.instacart.com/store/items/8468533?source1=aisle&source2=3653&source3=3653&impressionId=11816673-9931-48c9-8078-9125f74a300f",
   "FIELD9": ""
 },
 {
   "category": "Snacks",
   "subcategory": "Trail Mix & Snack Mix",
   "name": "365 Chocolate Cherry Carnival Trail Mix",
   "price": "7.99",
   "description": "16 oz ",
   "image": "https://d2lnr5mha7bycj.cloudfront.net/product-image/file/large_175921bb-3e1e-49fa-a93b-0531fdebc2e4.jpg",
   "Image 2": "",
   "Product Link": "https://www.instacart.com/store/items/4538275?source1=aisle&source2=3653&source3=3653&impressionId=7da850d2-3a7e-4bb2-8d48-7eecaa6d9920",
   "FIELD9": ""
 },
 {
   "category": "Snacks",
   "subcategory": "Trail Mix & Snack Mix",
   "name": "Annie's Homegrown Organic Snack Mix Bunnies Snack Mix, Organic",
   "price": "4.99",
   "description": "9 oz ",
   "image": "https://d2lnr5mha7bycj.cloudfront.net/product-image/file/large_a403e07f-2a82-4709-a081-8d24903744bd.jpg",
   "Image 2": "",
   "Product Link": "https://www.instacart.com/store/items/18847005?source1=aisle&source2=587&source3=587&impressionId=200734eb-6f50-4887-8d3f-d9947e450361",
   "FIELD9": ""
 },
 {
   "category": "Snacks",
   "subcategory": "Trail Mix & Snack Mix",
   "name": "Popcorn, Indiana Sweet & Salty Kettlecorn",
   "price": "4.49",
   "description": "7 oz ",
   "image": "https://d2lnr5mha7bycj.cloudfront.net/product-image/file/large_a689b98b-e685-45b2-9638-2e8c9a517ef7.jpg",
   "Image 2": "",
   "Product Link": "https://www.instacart.com/store/items/23809971?source1=aisle&source2=587&source3=587&impressionId=726357d6-b44d-4f01-870b-e1b540a413de",
   "FIELD9": ""
 },
 {
   "category": "Snacks",
   "subcategory": "Trail Mix & Snack Mix",
   "name": "365 Double Feature Trail Mix",
   "price": "8.99",
   "description": "16 oz ",
   "image": "https://d2lnr5mha7bycj.cloudfront.net/product-image/file/large_802347a2-bca0-4cec-b462-c6d6d5fa576b.jpg",
   "Image 2": "",
   "Product Link": "https://www.instacart.com/store/items/8468224?source1=aisle&source2=3653&source3=3653&impressionId=edc1985b-6371-43f3-a626-1abb5c9fd8d9",
   "FIELD9": ""
 },
 {
   "category": "Snacks",
   "subcategory": "Trail Mix & Snack Mix",
   "name": "365 Backcountry Bundle Trail Mix",
   "price": "8.99",
   "description": "16 oz ",
   "image": "https://d2lnr5mha7bycj.cloudfront.net/product-image/file/large_f23036bb-8380-44f7-97c9-37f347b955fc.jpg",
   "Image 2": "",
   "Product Link": "https://www.instacart.com/store/items/4525739?source1=aisle&source2=3653&source3=3653&impressionId=b3aa8e2f-ae1c-4d76-ad9e-6ccd6cccfb6a",
   "FIELD9": ""
 },
 {
   "category": "Snacks",
   "subcategory": "Trail Mix & Snack Mix",
   "name": "365 Blueberry Blaze Trail Mix",
   "price": "7.99",
   "description": "16 oz ",
   "image": "https://d2lnr5mha7bycj.cloudfront.net/product-image/file/large_917f92c6-aacc-4283-b8cd-1c23ac432a52.jpg",
   "Image 2": "",
   "Product Link": "https://www.instacart.com/store/items/4525912?source1=aisle&source2=3653&source3=3653&impressionId=7fdd449d-7dfe-4145-8b2b-df8851679781",
   "FIELD9": ""
 },
 {
   "category": "Snacks",
   "subcategory": "Trail Mix & Snack Mix",
   "name": "365 Hodgepodge Harvest Trail Mix",
   "price": "5.99",
   "description": "16 oz ",
   "image": "https://d2lnr5mha7bycj.cloudfront.net/product-image/file/large_b620fcc5-8837-44ad-86be-a376b565ed5b.jpg",
   "Image 2": "",
   "Product Link": "https://www.instacart.com/store/items/4537951?source1=aisle&source2=3653&source3=3653&impressionId=aefc3287-e4bf-4a4f-8acd-a67f1b4c97f4",
   "FIELD9": ""
 },
 {
   "category": "Snacks",
   "subcategory": "Trail Mix & Snack Mix",
   "name": "365 Berry Bounty Trail Mix",
   "price": "7.99",
   "description": "16 oz ",
   "image": "https://d2lnr5mha7bycj.cloudfront.net/product-image/file/large_ae55e279-4726-46d4-bb96-5f77307a341b.jpg",
   "Image 2": "",
   "Product Link": "https://www.instacart.com/store/items/4537352?source1=aisle&source2=3653&source3=3653&impressionId=254d375e-4b91-4422-9848-bd1f001b5f46",
   "FIELD9": ""
 },
 {
   "category": "Snacks",
   "subcategory": "Trail Mix & Snack Mix",
   "name": "365 Strider's Snack Trail Mix",
   "price": "8.99",
   "description": "16 oz ",
   "image": "https://d2lnr5mha7bycj.cloudfront.net/product-image/file/large_a5e9bd9c-9e3a-476e-aee8-c8b2ebdb217d.jpg",
   "Image 2": "",
   "Product Link": "https://www.instacart.com/store/items/4525274?source1=aisle&source2=3653&source3=3653&impressionId=f0849816-4f83-4f5e-843d-5ecf6c06447c",
   "FIELD9": ""
 },
 {
   "category": "Snacks",
   "subcategory": "Trail Mix & Snack Mix",
   "name": "Back to Nature Gluten Free Sesame Seed Rice Thin Crackers",
   "price": "3.79",
   "description": "4.0 oz ",
   "image": "https://d2lnr5mha7bycj.cloudfront.net/product-image/file/large_4e0a3982-7fc2-4d52-820a-6b81264735e9.jpg",
   "Image 2": "",
   "Product Link": "https://www.instacart.com/store/items/4528651?source1=aisle&source2=3653&source3=3653&impressionId=60a239e0-8a8a-4e93-9c02-d0184f73bc5b",
   "FIELD9": ""
 },
 {
   "category": "Snacks",
   "subcategory": "Trail Mix & Snack Mix",
   "name": "365 Trail Mix Kahuna Crunch",
   "price": "8.99",
   "description": "16 oz ",
   "image": "https://d2lnr5mha7bycj.cloudfront.net/product-image/file/large_5cfed75b-b65b-4e08-bc93-b2dba47b29e2.jpg",
   "Image 2": "",
   "Product Link": "https://www.instacart.com/store/items/4537541?source1=aisle&source2=3653&source3=3653&impressionId=b18985ca-4ae7-4ec2-b511-57b88eccebd4",
   "FIELD9": ""
 },
 {
   "category": "Snacks",
   "subcategory": "Trail Mix & Snack Mix",
   "name": "365 Raspberry Beret Trail Mix",
   "price": "8.99",
   "description": "16 oz ",
   "image": "https://d2lnr5mha7bycj.cloudfront.net/product-image/file/large_700362c3-37c9-49b6-862a-326a6f49bb21.jpg",
   "Image 2": "",
   "Product Link": "https://www.instacart.com/store/items/4537759?source1=aisle&source2=3653&source3=3653&impressionId=072f172b-8702-4cff-908d-a202b1af368e",
   "FIELD9": ""
 },
 {
   "category": "Snacks",
   "subcategory": "Trail Mix & Snack Mix",
   "name": "365 Double Feature Trail Mix",
   "price": "9.89/ lb",
   "description": "",
   "image": "https://d2lnr5mha7bycj.cloudfront.net/product-image/file/large_4cf233e3-d4eb-4768-921d-6d6f2a5e04cf.png",
   "Image 2": "",
   "Product Link": "https://www.instacart.com/store/items/21866815?source1=aisle&source2=3653&source3=3653&impressionId=bbc93c11-8b44-4cdb-bbeb-42dc888d619f",
   "FIELD9": ""
 },
 {
   "category": "Snacks",
   "subcategory": "Mint & Gum",
   "name": "Simply Gum Natural Mint Gum",
   "price": "2.99",
   "description": "15 ct  ",
   "image": "https://d2lnr5mha7bycj.cloudfront.net/product-image/file/large_ceb28317-80d9-4965-8363-b7e16aa7f213.jpg",
   "Image 2": "",
   "Product Link": "https://www.instacart.com/store/items/84150625?source1=aisle&source2=3654&source3=3654&impressionId=c83c49ab-32f8-43a1-9ff8-9dc33409864b",
   "FIELD9": ""
 },
 {
   "category": "Snacks",
   "subcategory": "Mint & Gum",
   "name": "365 Peppermint Flavored Mints",
   "price": "2.49",
   "description": "1.5 oz ",
   "image": "https://d2lnr5mha7bycj.cloudfront.net/product-image/file/large_9a8a7a98-24ae-41d8-b811-10a187d510de.jpg",
   "Image 2": "",
   "Product Link": "https://www.instacart.com/store/items/4487224?source1=aisle&source2=3654&source3=3654&impressionId=b97a60fa-1dfd-4da1-8d56-f13988d0b166",
   "FIELD9": ""
 },
 {
   "category": "Snacks",
   "subcategory": "Mint & Gum",
   "name": "Spry Sugarfree Peppermint Chewing Gum",
   "price": "1.39",
   "description": "10 ct",
   "image": "https://d2lnr5mha7bycj.cloudfront.net/product-image/file/large_fbac7888-004e-4692-a5da-28bc8ab35029.jpg",
   "Image 2": "",
   "Product Link": "https://www.instacart.com/store/items/4472083?source1=aisle&source2=3654&source3=3654&impressionId=123c7c96-483f-44f9-806a-7aa4c3a9517c",
   "FIELD9": ""
 },
 {
   "category": "Snacks",
   "subcategory": "Mint & Gum",
   "name": "Glee Gum Refresh-Mint Chewing Gum",
   "price": "1.39",
   "description": "16 ct ",
   "image": "https://d2lnr5mha7bycj.cloudfront.net/product-image/file/large_6dd0d57e-2aed-4489-8150-42c19f8c30c6.jpg",
   "Image 2": "",
   "Product Link": "https://www.instacart.com/store/items/4523444?source1=aisle&source2=3654&source3=3654&impressionId=ca3cad10-b1ff-4ba1-9ffd-1e5718ddbe9e",
   "FIELD9": ""
 },
 {
   "category": "Snacks",
   "subcategory": "Mint & Gum",
   "name": "Spry Sugarfree Cinnamon Chewing Gum",
   "price": "1.39",
   "description": "10 ct ",
   "image": "https://d2lnr5mha7bycj.cloudfront.net/product-image/file/large_da20ad42-0c37-4e1d-836f-b881ddd3716a.jpg",
   "Image 2": "",
   "Product Link": "https://www.instacart.com/store/items/4471980?source1=aisle&source2=3654&source3=3654&impressionId=c6c13a51-dff8-45d6-a030-01e8caf5fba0",
   "FIELD9": ""
 },
 {
   "category": "Snacks",
   "subcategory": "Mint & Gum",
   "name": "Simply Gum Gum Ginger",
   "price": "2.99",
   "description": "15 ct ",
   "image": "https://d2lnr5mha7bycj.cloudfront.net/product-image/file/large_9edbdfda-0f62-4c40-87e3-c44924564b12.jpg",
   "Image 2": "",
   "Product Link": "https://www.instacart.com/store/items/84583556?source1=aisle&source2=3654&source3=3654&impressionId=7191f54b-efd4-4642-b86d-f8d48299cb74",
   "FIELD9": ""
 },
 {
   "category": "Snacks",
   "subcategory": "Mint & Gum",
   "name": "Glee Gum Pieces Spearmint - 16 CT",
   "price": "1.39",
   "description": "",
   "image": "https://d2lnr5mha7bycj.cloudfront.net/product-image/file/large_b25eeeb6-6a00-40a6-be66-64aed30f8740.jpg",
   "Image 2": "",
   "Product Link": "https://www.instacart.com/store/items/4539330?source1=aisle&source2=3654&source3=3654&impressionId=ad226c1d-ad33-4f88-9b4d-6676aaeed092",
   "FIELD9": ""
 },
 {
   "category": "Snacks",
   "subcategory": "Mint & Gum",
   "name": "Tree Hugger Gumballs Fantastic Fruit Mix - 8 CT",
   "price": "2.69",
   "description": "1.6 oz ",
   "image": "https://d2lnr5mha7bycj.cloudfront.net/product-image/file/large_a601064b-a12a-4bc8-9717-d4dcaf8d157e.jpg",
   "Image 2": "",
   "Product Link": "https://www.instacart.com/store/items/30757073?source1=aisle&source2=3654&source3=3654&impressionId=8e6e0ba1-968f-4ef1-b94d-ee60c36a0b5a",
   "FIELD9": ""
 },
 {
   "category": "Snacks",
   "subcategory": "Mint & Gum",
   "name": "B-Fresh Breath Freshening Bubble Gum",
   "price": "2.49",
   "description": "10 ct ",
   "image": "https://d2lnr5mha7bycj.cloudfront.net/product-image/file/large_b0700f02-9c50-40b7-bfc4-81091280fd55.jpg",
   "Image 2": "",
   "Product Link": "https://www.instacart.com/store/items/4568002?source1=aisle&source2=3654&source3=3654&impressionId=0daae481-d8ae-45a0-a1dc-a50588f79274",
   "FIELD9": ""
 },
 {
   "category": "Snacks",
   "subcategory": "Mint & Gum",
   "name": "Fruitables Bioactive Medium Dental Chews",
   "price": "15.99",
   "description": "10.8 oz ",
   "image": "https://d2lnr5mha7bycj.cloudfront.net/product-image/file/large_7e226343-7f36-4d9e-ae88-598734e7f317.jpg",
   "Image 2": "",
   "Product Link": "https://www.instacart.com/store/items/27073191?source1=aisle&source2=3654&source3=3654&impressionId=1c2888ec-0fd9-4baa-8165-c8e76079e184",
   "FIELD9": ""
 },
 {
   "category": "Snacks",
   "subcategory": "Mint & Gum",
   "name": "B-Fresh Breath Freshening Gum Cinnamon Gum",
   "price": "2.49",
   "description": "12 ct ",
   "image": "https://d2lnr5mha7bycj.cloudfront.net/product-image/file/large_b54fda4e-aed2-49ba-a255-7e16e909ef4b.jpg",
   "Image 2": "",
   "Product Link": "https://www.instacart.com/store/items/4568790?source1=aisle&source2=3654&source3=3654&impressionId=f3ce5176-0c23-457b-bfae-574cb021079b",
   "FIELD9": ""
 },
 {
   "category": "Snacks",
   "subcategory": "Mint & Gum",
   "name": "B-Fresh Breath Freshening Gum Cool Spearmint Gum",
   "price": "2.49",
   "description": "12 ct oz ",
   "image": "https://d2lnr5mha7bycj.cloudfront.net/product-image/file/large_7f675a23-000c-4325-b14b-a276e28cc7e3.jpg",
   "Image 2": "",
   "Product Link": "https://www.instacart.com/store/items/4568900?source1=aisle&source2=3654&source3=3654&impressionId=2ef30409-e444-42eb-b357-fc5d7fc2662a",
   "FIELD9": ""
 },
 {
   "category": "Snacks",
   "subcategory": "Mint & Gum",
   "name": "B-Fresh Lemon Breath Freshening Gum",
   "price": "2.49",
   "description": "12 ct ",
   "image": "https://d2lnr5mha7bycj.cloudfront.net/product-image/file/large_a8e01309-f4ab-43c2-a843-3bac83ef2281.jpg",
   "Image 2": "",
   "Product Link": "https://www.instacart.com/store/items/4568763?source1=aisle&source2=3654&source3=3654&impressionId=1c58e677-671d-47c4-a6ab-ecd54ee41a9a",
   "FIELD9": ""
 },
 {
   "category": "Snacks",
   "subcategory": "Mint & Gum",
   "name": "B-Fresh Gum Cinnamon Breath Freshening Gum",
   "price": "13.99",
   "description": "100 ct ",
   "image": "https://d2lnr5mha7bycj.cloudfront.net/product-image/file/large_22d4e0a2-0a64-4148-be92-da102eb35d69.jpg",
   "Image 2": "",
   "Product Link": "https://www.instacart.com/store/items/4549773?source1=aisle&source2=3654&source3=3654&impressionId=e3cc40b2-e42b-4a03-894b-c74da2591169",
   "FIELD9": ""
 },
 {
   "category": "Snacks",
   "subcategory": "Fruit & Vegetable Snacks",
   "name": "Annie's Homegrown Organic Bunny Berry Patch Fruit Snacks",
   "price": "5.99",
   "description": "5 x 0.8 oz ",
   "image": "https://d2lnr5mha7bycj.cloudfront.net/product-image/file/large_06fd6b77-b4e0-4e99-a15a-38aaea3c7f29.jpg",
   "Image 2": "",
   "Product Link": "https://www.instacart.com/store/items/4528264?source1=aisle&source2=588&source3=588&impressionId=8597a056-3fb8-4658-977a-c7da3718c670",
   "FIELD9": ""
 },
 {
   "category": "Snacks",
   "subcategory": "Fruit & Vegetable Snacks",
   "name": "Annie's Homegrown Organic Bunny Summer Strawberry Fruit Snacks",
   "price": "5.99",
   "description": "5 x 0.8 oz ",
   "image": "https://d2lnr5mha7bycj.cloudfront.net/product-image/file/large_caa75873-231d-464a-9628-37bda27e8299.jpg",
   "Image 2": "",
   "Product Link": "https://www.instacart.com/store/items/4522689?source1=aisle&source2=588&source3=588&impressionId=fb5e5e7a-6fa9-447e-89e8-7cd9e0bf3052",
   "FIELD9": ""
 },
 {
   "category": "Snacks",
   "subcategory": "Fruit & Vegetable Snacks",
   "name": "Bare Organic Fuji & Reds Apple Chips",
   "price": "4.69",
   "description": "3 oz ",
   "image": "https://d2lnr5mha7bycj.cloudfront.net/product-image/file/large_84c8d37d-0904-4e35-8b20-0aca0ae3f147.jpg",
   "Image 2": "",
   "Product Link": "https://www.instacart.com/store/items/18053154?source1=aisle&source2=588&source3=588&impressionId=8f4298f2-9dae-4ae3-bfd7-0f6d6db46ca7",
   "FIELD9": ""
 },
 {
   "category": "Snacks",
   "subcategory": "Fruit & Vegetable Snacks",
   "name": "365 Original Veggie Straws",
   "price": "2.29",
   "description": "6 oz",
   "image": "https://d2lnr5mha7bycj.cloudfront.net/product-image/file/large_39c93e5a-2ce5-482b-8ec7-1a4031b832a0.jpg",
   "Image 2": "",
   "Product Link": "https://www.instacart.com/store/items/4488161?source1=aisle&source2=588&source3=588&impressionId=6f3f7328-af4d-4489-86f3-b5f6fd312f8e",
   "FIELD9": ""
 },
 {
   "category": "Snacks",
   "subcategory": "Fruit & Vegetable Snacks",
   "name": "GoGo Squeez Organic Applesauce On The Go Apple Apple - 4 CT",
   "price": "4.39",
   "description": "4 x 3.2 oz ",
   "image": "https://d2lnr5mha7bycj.cloudfront.net/product-image/file/large_81d6496b-e3bc-4a62-b9e6-cceeb0dab283.jpg",
   "Image 2": "",
   "Product Link": "https://www.instacart.com/store/items/4540333?source1=aisle&source2=588&source3=588&impressionId=db8ec907-3af2-42ac-83cb-7b21ce3bf578",
   "FIELD9": ""
 },
 {
   "category": "Snacks",
   "subcategory": "Fruit & Vegetable Snacks",
   "name": "GoGo Squeez Organic Applesauce On The Go Apple Cinnamon - 4 CT",
   "price": "4.39",
   "description": "4 x 3.2 oz ",
   "image": "https://d2lnr5mha7bycj.cloudfront.net/product-image/file/large_92dee077-b868-4a53-aa77-15c4387d9e43.jpg",
   "Image 2": "",
   "Product Link": "https://www.instacart.com/store/items/4540200?source1=aisle&source2=588&source3=588&impressionId=0680d4b8-4a98-428c-8087-bbdb49152fe5",
   "FIELD9": ""
 },
 {
   "category": "Snacks",
   "subcategory": "Fruit & Vegetable Snacks",
   "name": "365 Sweetened Banana Chips",
   "price": "2.49",
   "description": "8 oz ",
   "image": "https://d2lnr5mha7bycj.cloudfront.net/product-image/file/large_2a357049-d320-45f4-b5e2-611aba699dd2.jpg",
   "Image 2": "",
   "Product Link": "https://www.instacart.com/store/items/13419885?source1=aisle&source2=588&source3=588&impressionId=4f9c271c-7c82-4f86-ad84-ef31a6d62700",
   "FIELD9": ""
 },
 {
   "category": "Snacks",
   "subcategory": "Fruit & Vegetable Snacks",
   "name": "365 Organic Strawberry Fruit Strip",
   "price": "0.59",
   "description": ".65 oz ",
   "image": "https://d2lnr5mha7bycj.cloudfront.net/product-image/file/large_9df9937d-d398-405e-81bb-8eca481d87bd.jpg",
   "Image 2": "",
   "Product Link": "https://www.instacart.com/store/items/4485204?source1=aisle&source2=588&source3=588&impressionId=607b8a13-334d-4195-b740-3f4f0bb66f50",
   "FIELD9": ""
 },
 {
   "category": "Snacks",
   "subcategory": "Fruit & Vegetable Snacks",
   "name": "365 Organic Cinnamon Apple Sauce",
   "price": "3.49",
   "description": "6 x 4 oz ",
   "image": "https://d2lnr5mha7bycj.cloudfront.net/product-image/file/large_f4f895c0-d1c1-4a4d-bd37-3f542b2547e5.jpg",
   "Image 2": "",
   "Product Link": "https://www.instacart.com/store/items/4535124?source1=aisle&source2=588&source3=588&impressionId=73b3bde3-e3ab-4796-99c4-64664789b14b",
   "FIELD9": ""
 },
 {
   "category": "Snacks",
   "subcategory": "Fruit & Vegetable Snacks",
   "name": "365 Organic Cinnamon Apple Sauce",
   "price": "3.49",
   "description": "6 x 4 oz ",
   "image": "https://d2lnr5mha7bycj.cloudfront.net/product-image/file/large_f4f895c0-d1c1-4a4d-bd37-3f542b2547e5.jpg",
   "Image 2": "",
   "Product Link": "https://www.instacart.com/store/items/4535124?source1=aisle&source2=588&source3=588&impressionId=73b3bde3-e3ab-4796-99c4-64664789b14b",
   "FIELD9": ""
 },
 {
   "category": "Snacks",
   "subcategory": "Fruit & Vegetable Snacks",
   "name": "365 Organic Cherry Fruit Strip",
   "price": "0.59",
   "description": ".65 oz ",
   "image": "https://d2lnr5mha7bycj.cloudfront.net/product-image/file/large_1b1985d9-3ae1-4827-8379-9b1906d63f26.jpg",
   "Image 2": "",
   "Product Link": "https://www.instacart.com/store/items/4485037?source1=aisle&source2=588&source3=588&impressionId=6a15f02d-9356-4433-ba8b-71d55f863c74",
   "FIELD9": ""
 },
 {
   "category": "Snacks",
   "subcategory": "Fruit & Vegetable Snacks",
   "name": "gimMe Organic Sea Salt Roasted Seaweed Snack",
   "price": "5.99",
   "description": "6 x 0.17 oz ",
   "image": "https://d2lnr5mha7bycj.cloudfront.net/product-image/file/large_212d223d-48c8-4ffd-94ec-2239f8d5e418.jpg",
   "Image 2": "",
   "Product Link": "https://www.instacart.com/store/items/37385028?source1=aisle&source2=588&source3=588&impressionId=0b7091f1-57e2-41a2-8f3e-4042e91ae9d5",
   "FIELD9": ""
 },
 {
   "category": "Snacks",
   "subcategory": "Fruit & Vegetable Snacks",
   "name": "365 Organic Peach Fruit Strip",
   "price": "0.59",
   "description": ".65 oz ",
   "image": "https://d2lnr5mha7bycj.cloudfront.net/product-image/file/large_ea2affe1-8e16-4d1f-841b-08483d181b00.jpg",
   "Image 2": "",
   "Product Link": "https://www.instacart.com/store/items/4485252?source1=aisle&source2=588&source3=588&impressionId=82249dac-0e89-4ed7-900a-bb25ed8ae9b5",
   "FIELD9": ""
 },
 {
   "category": "Snacks",
   "subcategory": "Fruit & Vegetable Snacks",
   "name": "Bearitos Veggie Puffs",
   "price": "2.99",
   "description": "4 oz ",
   "image": "https://d2lnr5mha7bycj.cloudfront.net/product-image/file/large_985ccfb2-adf1-4cc6-a531-1a0481b4ec4a.jpg",
   "Image 2": "",
   "Product Link": "https://www.instacart.com/store/items/4543650?source1=aisle&source2=588&source3=588&impressionId=044748d3-fc14-484c-9cb4-284314ce7c5b",
   "FIELD9": ""
 },
 {
   "category": "Snacks",
   "subcategory": "Fruit & Vegetable Snacks",
   "name": "365 Organic Blueberry Fruit Strip",
   "price": "0.59",
   "description": ".65 oz ",
   "image": "https://d2lnr5mha7bycj.cloudfront.net/product-image/file/large_1479fd60-e7ff-4c1a-9939-cbbbbd17b894.jpg",
   "Image 2": "",
   "Product Link": "https://www.instacart.com/store/items/4485101?source1=aisle&source2=588&source3=588&impressionId=1d635143-fdf6-41e0-9b95-f0ca95839fbc",
   "FIELD9": ""
 },
 {
   "category": "Snacks",
   "subcategory": "Fruit & Vegetable Snacks",
   "name": "365 Organic Very Berry Fruit Strip",
   "price": "0.59",
   "description": ".65 oz ",
   "image": "https://d2lnr5mha7bycj.cloudfront.net/product-image/file/large_3bbc5f0c-427f-4cec-90ea-51bb0b209bb8.jpg",
   "Image 2": "",
   "Product Link": "https://www.instacart.com/store/items/4485286?source1=aisle&source2=588&source3=588&impressionId=15ad6576-f7e0-4881-b874-fe9c3bf198b5",
   "FIELD9": ""
 },
 {
   "category": "Snacks",
   "subcategory": "Fruit & Vegetable Snacks",
   "name": "Materne GoGo Squeez Organic Applesauce On The Go Apple Banana - 4 CT",
   "price": "4.39",
   "description": "4 x 3.2 oz ",
   "image": "https://d2lnr5mha7bycj.cloudfront.net/product-image/file/large_c816019c-f3f6-4b6e-89e8-050fe5763710.jpg",
   "Image 2": "",
   "Product Link": "https://www.instacart.com/store/items/4540067?source1=aisle&source2=588&source3=588&impressionId=38442078-8d1f-40c1-8908-ad517cf534b6",
   "FIELD9": ""
 },
 {
   "category": "Snacks",
   "subcategory": "Fruit & Vegetable Snacks",
   "name": "Annie's Homegrown Organic Really Peely Swirly Strawberry Fruit Tape",
   "price": "5.49",
   "description": "4.5 oz ",
   "image": "https://d2lnr5mha7bycj.cloudfront.net/product-image/file/large_2dbc4dd5-42f5-404a-b5cc-3ad9adcf9756.JPG",
   "Image 2": "",
   "Product Link": "https://www.instacart.com/store/items/30871643?source1=aisle&source2=588&source3=588&impressionId=833f41fd-c1c7-4d72-bb9a-1cbd3dba5871",
   "FIELD9": ""
 },
 {
   "category": "Snacks",
   "subcategory": "Fruit & Vegetable Snacks",
   "name": "Annie's Homegrown Organic Bunny Tropical Treat Fruit Snacks",
   "price": "5.99",
   "description": "5 x 0.8 oz ",
   "image": "https://d2lnr5mha7bycj.cloudfront.net/product-image/file/large_c4b2de2e-6343-4aa6-bd3b-4b35f35c9773.jpg",
   "Image 2": "",
   "Product Link": "https://www.instacart.com/store/items/4528628?source1=aisle&source2=588&source3=588&impressionId=44f51316-e164-4d5c-a533-fe0c5cc4acfd",
   "FIELD9": ""
 },
 {
   "category": "Snacks",
   "subcategory": "Fruit & Vegetable Snacks",
   "name": "Clif Kid� Organic Mixed Berry ZFruit Rope",
   "price": "4.99",
   "description": "6 x 0.71 oz ",
   "image": "https://d2lnr5mha7bycj.cloudfront.net/product-image/file/large_8c8330af-2062-4e1b-a411-780bb1da4ab5.JPG",
   "Image 2": "",
   "Product Link": "https://www.instacart.com/store/items/4520445?source1=aisle&source2=588&source3=588&impressionId=cffc3685-c986-4c7e-807e-cff5431e419e",
   "FIELD9": ""
 },
 {
   "category": "Snacks",
   "subcategory": "Fruit & Vegetable Snacks",
   "name": "Clif Kid� Organic Strawberry ZFruit Rope",
   "price": "4.99",
   "description": "6 x 0.71 oz ",
   "image": "https://d2lnr5mha7bycj.cloudfront.net/product-image/file/large_8e507384-c0bd-421c-88d7-bd00426c62c4.jpg",
   "Image 2": "",
   "Product Link": "https://www.instacart.com/store/items/22421635?source1=aisle&source2=588&source3=588&impressionId=d2849434-244d-46e8-945b-f658acce3fbf",
   "FIELD9": ""
 },
 {
   "category": "Dairy & Eggs",
   "subcategory": "Yogurt",
   "name": "noosa Finest Blueberry Yoghurt",
   "price": "2.69",
   "description": "8 oz ",
   "image": "https://d2lnr5mha7bycj.cloudfront.net/product-image/file/large_0087029c-0a90-49a7-b10a-e950c65ab103.jpg",
   "Image 2": "",
   "Product Link": "https://www.instacart.com/store/items/4572450?source1=aisle&source2=604&source3=604&impressionId=49d205f1-36f0-4146-a1d1-c89dc3c45f94",
   "FIELD9": ""
 },
 {
   "category": "Dairy & Eggs",
   "subcategory": "Yogurt",
   "name": "noosa Strawberry Rhubarb Yoghurt",
   "price": "2.69",
   "description": "8 oz ",
   "image": "https://d2lnr5mha7bycj.cloudfront.net/product-image/file/large_a8203a32-329b-46f0-82e9-87c3d388ab38.jpg",
   "Image 2": "",
   "Product Link": "https://www.instacart.com/store/items/4516621?source1=aisle&source2=604&source3=604&impressionId=e26c1290-ae13-4dcb-b07e-6cb2b6df17e3",
   "FIELD9": ""
 },
 {
   "category": "Dairy & Eggs",
   "subcategory": "Yogurt",
   "name": "noosa Lemon Yogurt",
   "price": "2.69",
   "description": "8 oz ",
   "image": "https://d2lnr5mha7bycj.cloudfront.net/product-image/file/large_533198e6-e602-4b54-8c2e-c3122291ed71.jpg",
   "Image 2": "",
   "Product Link": "https://www.instacart.com/store/items/4491895?source1=aisle&source2=604&source3=604&impressionId=e0157299-3d22-4331-ba3e-0ce02977bd62",
   "FIELD9": ""
 },
 {
   "category": "Dairy & Eggs",
   "subcategory": "Yogurt",
   "name": "365 Whole Milk Plain Yogurt",
   "price": "3.39",
   "description": "32 oz ",
   "image": "https://d2lnr5mha7bycj.cloudfront.net/product-image/file/large_5ea79466-16bd-4ddc-8713-e496677220b3.jpg",
   "Image 2": "",
   "Product Link": "https://www.instacart.com/store/items/4524048?source1=aisle&source2=604&source3=604&impressionId=17e8c10b-483e-48af-865e-4027bd617401",
   "FIELD9": ""
 },
 {
   "category": "Dairy & Eggs",
   "subcategory": "Yogurt",
   "name": "Fage Total 2% with Strawberry Lowfat Greek Strained Yogurt",
   "price": "1.59",
   "description": "5.3 oz ",
   "image": "https://d2lnr5mha7bycj.cloudfront.net/product-image/file/large_e863dde0-1811-4d1c-bc09-7c6648d04258.jpg",
   "Image 2": "",
   "Product Link": "https://www.instacart.com/store/items/4463451?source1=aisle&source2=604&source3=604&impressionId=673075ba-db08-4f8e-9eee-1a1823499876",
   "FIELD9": ""
 },
 {
   "category": "Dairy & Eggs",
   "subcategory": "Yogurt",
   "name": "Fage Total 0% Greek Strained Yogurt",
   "price": "6.99",
   "description": "35.3 oz ",
   "image": "https://d2lnr5mha7bycj.cloudfront.net/product-image/file/large_a4dc6393-304a-497f-b0ab-984caa40be4e.jpg",
   "Image 2": "",
   "Product Link": "https://www.instacart.com/store/items/4569995?source1=aisle&source2=604&source3=604&impressionId=d2ba20f1-0c48-482a-8f5b-f4aeec145caa",
   "FIELD9": ""
 },
 {
   "category": "Dairy & Eggs",
   "subcategory": "Yogurt",
   "name": "Fage Total 0% Nonfat Greek Strained Yogurt",
   "price": "1.59",
   "description": "6 oz ",
   "image": "https://d2lnr5mha7bycj.cloudfront.net/product-image/file/large_2e8cb170-3278-4933-a636-c870f84e0a46.jpg",
   "Image 2": "",
   "Product Link": "https://www.instacart.com/store/items/4464745?source1=aisle&source2=604&source3=604&impressionId=1c2fee45-d536-4aad-bae4-e2881cd50648",
   "FIELD9": ""
 },
 {
   "category": "Dairy & Eggs",
   "subcategory": "Yogurt",
   "name": "Siggi's Icelandic Style Skyr Blueberry Non-fat Yogurt",
   "price": "1.99",
   "description": "5.3 oz ",
   "image": "https://d2lnr5mha7bycj.cloudfront.net/product-image/file/large_086ea9b9-ff26-4396-b14e-6409a20d5aba.jpg",
   "Image 2": "",
   "Product Link": "https://www.instacart.com/store/items/4586945?source1=aisle&source2=604&source3=604&impressionId=ca59ed5b-e636-4d57-b9f5-f45dcf84da5d",
   "FIELD9": ""
 },
 {
   "category": "Dairy & Eggs",
   "subcategory": "Yogurt",
   "name": "Siggi's Icelandic Style Skyr Non-Fat Yogurt, Vanilla",
   "price": "1.99",
   "description": "5.3 oz ",
   "image": "https://d2lnr5mha7bycj.cloudfront.net/product-image/file/large_edbc7283-97f0-41ed-a7ee-00b5ab16db8b.jpg",
   "Image 2": "",
   "Product Link": "https://www.instacart.com/store/items/4572743?source1=aisle&source2=604&source3=604&impressionId=8a78f3e9-4785-401c-9b01-1df5741dc24f",
   "FIELD9": ""
 },
 {
   "category": "Dairy & Eggs",
   "subcategory": "Yogurt",
   "name": "Siggi's Raspberry Yogurt",
   "price": "1.99",
   "description": "5.3 oz ",
   "image": "https://d2lnr5mha7bycj.cloudfront.net/product-image/file/large_913d3f3b-c814-4b2b-8c1f-811046038965.jpg",
   "Image 2": "",
   "Product Link": "https://www.instacart.com/store/items/8165807?source1=aisle&source2=604&source3=604&impressionId=2ed5f053-109c-45c9-81c6-06cc06caa7b7",
   "FIELD9": ""
 },
 {
   "category": "Dairy & Eggs",
   "subcategory": "Yogurt",
   "name": "Fage Total 2% with Honey Lowfat Greek Strained Yogurt",
   "price": "1.59",
   "description": "5.3 oz�",
   "image": "https://d2lnr5mha7bycj.cloudfront.net/product-image/file/large_8de4b789-5ab7-496c-893a-e9519e914d95.jpg",
   "Image 2": "",
   "Product Link": "https://www.instacart.com/store/items/4463874?source1=aisle&source2=604&source3=604&impressionId=e87418c4-59a2-438d-a5c8-fa03c866a33a",
   "FIELD9": ""
 },
 {
   "category": "Dairy & Eggs",
   "subcategory": "Yogurt",
   "name": "Fage Total 2% Greek Strained Yogurt",
   "price": "6.99",
   "description": "35.3 oz�",
   "image": "https://d2lnr5mha7bycj.cloudfront.net/product-image/file/large_ffdd39df-633b-464f-a993-f8223340ba06.jpg",
   "Image 2": "",
   "Product Link": "https://www.instacart.com/store/items/28941221?source1=aisle&source2=604&source3=604&impressionId=16f90683-2b81-44e1-bbc2-6bde1d8c54fd",
   "FIELD9": ""
 },
 {
   "category": "Dairy & Eggs",
   "subcategory": "Yogurt",
   "name": "Fage Total 2% Lowfat Greek Strained Yogurt With Blueberry",
   "price": "1.59",
   "description": "5.3 oz�",
   "image": "https://d2lnr5mha7bycj.cloudfront.net/product-image/file/large_f02e01ed-d68c-45e5-98b8-a4c5b4b709f6.jpg",
   "Image 2": "",
   "Product Link": "https://www.instacart.com/store/items/4569621?source1=aisle&source2=604&source3=604&impressionId=c8a8d440-12f0-4656-b336-50e53d4c5787",
   "FIELD9": ""
 },
 {
   "category": "Dairy & Eggs",
   "subcategory": "Yogurt",
   "name": "Stonyfield Organic Organic YoKids Squeezers Strawberry Lowfat Yogurt",
   "price": "4.99",
   "description": "8 x 2 oz�",
   "image": "https://d2lnr5mha7bycj.cloudfront.net/product-image/file/large_18035c78-1f54-4d56-8bac-008ea73e9bca.jpg",
   "Image 2": "",
   "Product Link": "https://www.instacart.com/store/items/4458929?source1=aisle&source2=604&source3=604&impressionId=31a785b0-63b3-49c7-a2a0-409c7f382f88",
   "FIELD9": ""
 },
 {
   "category": "Dairy & Eggs",
   "subcategory": "Yogurt",
   "name": "Fage Total 2% with Peach Lowfat Greek Strained Yogurt",
   "price": "1.59",
   "description": "5.3 oz�",
   "image": "https://d2lnr5mha7bycj.cloudfront.net/product-image/file/large_06b70483-4a4a-412c-bfba-3165afda81c4.jpg",
   "Image 2": "",
   "Product Link": "https://www.instacart.com/store/items/4463103?source1=aisle&source2=604&source3=604&impressionId=45ea91de-3ea9-4286-944d-b1944021fa51",
   "FIELD9": ""
 },
 {
   "category": "Dairy & Eggs",
   "subcategory": "Yogurt",
   "name": "365 Low Fat Vanilla Yogurt",
   "price": "3.39",
   "description": "32 oz�",
   "image": "https://d2lnr5mha7bycj.cloudfront.net/product-image/file/large_f78a3825-d3cc-430f-82e4-f2e4eecc6cb2.jpg",
   "Image 2": "",
   "Product Link": "https://www.instacart.com/store/items/4523681?source1=aisle&source2=604&source3=604&impressionId=f1232268-a590-46af-bf46-812804d2cc8f",
   "FIELD9": ""
 },
 {
   "category": "Dairy & Eggs",
   "subcategory": "Yogurt",
   "name": "Fage Total Greek Strained Yogurt",
   "price": "3.99",
   "description": "17.6 oz�",
   "image": "https://d2lnr5mha7bycj.cloudfront.net/product-image/file/large_8057cbbc-5ee5-4d00-89d0-bcb62327cfe0.jpg",
   "Image 2": "",
   "Product Link": "https://www.instacart.com/store/items/4462609?source1=aisle&source2=604&source3=604&impressionId=9de6202a-e025-4b4c-8733-bd329be37de5",
   "FIELD9": ""
 },
 {
   "category": "Dairy & Eggs",
   "subcategory": "Yogurt",
   "name": "Fage Total 2% Greek Strained Yogurt",
   "price": "3.99",
   "description": "17.6 oz�",
   "image": "https://d2lnr5mha7bycj.cloudfront.net/product-image/file/large_7f8c8b42-dac5-4ecc-b1d3-33e09385f975.jpg",
   "Image 2": "",
   "Product Link": "https://www.instacart.com/store/items/4462229?source1=aisle&source2=604&source3=604&impressionId=e55e584d-c81c-4659-9885-0a73a1c0cc12",
   "FIELD9": ""
 },
 {
   "category": "Dairy & Eggs",
   "subcategory": "Yogurt",
   "name": "Wallaby Organic Organic Whole Milk Plain Greek Yogurt",
   "price": "7.49",
   "description": "32 oz�",
   "image": "https://d2lnr5mha7bycj.cloudfront.net/product-image/file/large_594f0bb1-7aee-47f6-afb6-051d441f0183.JPG",
   "Image 2": "",
   "Product Link": "https://www.instacart.com/store/items/26140854?source1=aisle&source2=604&source3=604&impressionId=5c0bbd9f-1b5f-4f94-ace7-58fbd2dccf2f",
   "FIELD9": ""
 },
 {
   "category": "Dairy & Eggs",
   "subcategory": "Yogurt",
   "name": "Fage Total 0% Greek Strained Yogurt",
   "price": "3.99",
   "description": "17.6 oz�",
   "image": "https://d2lnr5mha7bycj.cloudfront.net/product-image/file/large_6d79d28d-525e-4a93-836d-d69908dbe1aa.jpg",
   "Image 2": "",
   "Product Link": "https://www.instacart.com/store/items/4465107?source1=aisle&source2=604&source3=604&impressionId=2a5d78c8-4436-4fb9-b6f9-ef2876ea2350",
   "FIELD9": ""
 },
 {
   "category": "Dairy & Eggs",
   "subcategory": "Packaged Cheese",
   "name": "365 Organic Whole String Cheese",
   "price": "4.99",
   "description": "6 x 1 oz ",
   "image": "https://d2lnr5mha7bycj.cloudfront.net/product-image/file/large_002e13b5-05cc-4823-9492-b28111eaf1be.jpg",
   "Image 2": "",
   "Product Link": "https://www.instacart.com/store/items/4465284?source1=aisle&source2=596&source3=596&impressionId=15377b45-d138-40c5-9721-6ddd048aa0f2",
   "FIELD9": ""
 },
 {
   "category": "Dairy & Eggs",
   "subcategory": "Packaged Cheese",
   "name": "365 Grated Parmesan",
   "price": "4.99",
   "description": "5 oz ",
   "image": "https://d2lnr5mha7bycj.cloudfront.net/product-image/file/large_79ff6548-dd42-4ad2-96a5-5428176ff45b.jpg",
   "Image 2": "",
   "Product Link": "https://www.instacart.com/store/items/4461679?source1=aisle&source2=596&source3=596&impressionId=c1be540c-45b2-4175-a841-ffd689a0b0cc",
   "FIELD9": ""
 },
 {
   "category": "Dairy & Eggs",
   "subcategory": "Packaged Cheese",
   "name": "365 Shredded Parmesan",
   "price": "4.99",
   "description": "5 oz ",
   "image": "https://d2lnr5mha7bycj.cloudfront.net/product-image/file/large_3acae896-1173-4dda-944a-bb6ef99f4d38.jpg",
   "Image 2": "",
   "Product Link": "https://www.instacart.com/store/items/4461897?source1=aisle&source2=596&source3=596&impressionId=4c5c8a79-fcee-4250-912c-e160f9be5cc3",
   "FIELD9": ""
 },
 {
   "category": "Dairy & Eggs",
   "subcategory": "Packaged Cheese",
   "name": "365 Feta Cheese Crumbles",
   "price": "3.99",
   "description": "6 oz ",
   "image": "https://d2lnr5mha7bycj.cloudfront.net/product-image/file/large_0f18ea5d-bbb7-4d0f-bd2e-d24686e511ea.jpg",
   "Image 2": "",
   "Product Link": "https://www.instacart.com/store/items/4464042?source1=aisle&source2=596&source3=596&impressionId=77b3c050-bb35-4c27-b2fe-69bc6e75d81d",
   "FIELD9": ""
 },
 {
   "category": "Dairy & Eggs",
   "subcategory": "Packaged Cheese",
   "name": "365 Whipped Cream Cheese",
   "price": "2.29",
   "description": "8 oz ",
   "image": "https://d2lnr5mha7bycj.cloudfront.net/product-image/file/large_774649e9-aba7-4e7c-9936-d4ec99890ffd.jpg",
   "Image 2": "",
   "Product Link": "https://www.instacart.com/store/items/4471007?source1=aisle&source2=596&source3=596&impressionId=8fe926f7-c99d-44b2-9e9b-ffeda1a36aee",
   "FIELD9": ""
 },
 {
   "category": "Dairy & Eggs",
   "subcategory": "Packaged Cheese",
   "name": "365 Shredded Mozzarella",
   "price": "6.99",
   "description": "16 oz",
   "image": "https://d2lnr5mha7bycj.cloudfront.net/product-image/file/large_22d9183b-0863-43b4-a8aa-e175b03e487e.jpg",
   "Image 2": "",
   "Product Link": "https://www.instacart.com/store/items/18905924?source1=aisle&source2=596&source3=596&impressionId=163b8fcc-b132-42d5-81d9-5b292916e6b7",
   "FIELD9": ""
 },
 {
   "category": "Dairy & Eggs",
   "subcategory": "Packaged Cheese",
   "name": "365 Shredded Mild Cheddar Cheese",
   "price": "5.99",
   "description": "12 oz ",
   "image": "https://d2lnr5mha7bycj.cloudfront.net/product-image/file/large_3cd61ee1-0869-4534-925a-14098196d443.jpg",
   "Image 2": "",
   "Product Link": "https://www.instacart.com/store/items/4465093?source1=aisle&source2=596&source3=596&impressionId=55b2ea49-eba0-4990-94bc-68dd5dd6b43b",
   "FIELD9": ""
 },
 {
   "category": "Dairy & Eggs",
   "subcategory": "Packaged Cheese",
   "name": "365 Shredded Mild Cheddar And Monterey Jack Cheese",
   "price": "8.99",
   "description": "16 oz ",
   "image": "https://d2lnr5mha7bycj.cloudfront.net/product-image/file/large_ed60c6b1-849e-4687-bfd2-90a6eff783ae.jpg",
   "Image 2": "",
   "Product Link": "https://www.instacart.com/store/items/4510162?source1=aisle&source2=596&source3=596&impressionId=b412d7eb-d1d0-4d10-b9f1-d64d0e8586d0",
   "FIELD9": ""
 },
 {
   "category": "Dairy & Eggs",
   "subcategory": "Packaged Cheese",
   "name": "365 Organic Mild Cheddar Slices",
   "price": "8.99",
   "description": "12 ct ",
   "image": "https://d2lnr5mha7bycj.cloudfront.net/product-image/file/large_2f97f0b5-4691-4458-b262-db0feba71331.jpg",
   "Image 2": "",
   "Product Link": "https://www.instacart.com/store/items/4461339?source1=aisle&source2=596&source3=596&impressionId=0545558d-a586-444f-a5bd-8d211a022842",
   "FIELD9": ""
 },
 {
   "category": "Dairy & Eggs",
   "subcategory": "Packaged Cheese",
   "name": "365 Medium Cheddar Cheese Block",
   "price": "3.99",
   "description": "8 oz",
   "image": "https://d2lnr5mha7bycj.cloudfront.net/product-image/file/large_50b7156b-90db-432d-a4bc-9eb406f62b1d.jpg",
   "Image 2": "",
   "Product Link": "https://www.instacart.com/store/items/4462659?source1=aisle&source2=596&source3=596&impressionId=555c846c-83ad-4e2b-a698-2f85d5f75939",
   "FIELD9": ""
 },
 {
   "category": "Dairy & Eggs",
   "subcategory": "Packaged Cheese",
   "name": "365 Organic Shredded Sharp Cheddar",
   "price": "7.99",
   "description": "12 oz�",
   "image": "https://d2lnr5mha7bycj.cloudfront.net/product-image/file/large_316f9166-a8e6-4f8b-b7c5-2e84768318d3.jpg",
   "Image 2": "",
   "Product Link": "https://www.instacart.com/store/items/4516791?source1=aisle&source2=596&source3=596&impressionId=09c1eece-4d46-4466-915e-59d196851d26",
   "FIELD9": ""
 },
 {
   "category": "Dairy & Eggs",
   "subcategory": "Packaged Cheese",
   "name": "365 Sharp Cheddar Cheese",
   "price": "3.99",
   "description": "8 oz�",
   "image": "https://d2lnr5mha7bycj.cloudfront.net/product-image/file/large_72f05c2d-adca-484d-97bf-2c0c19429bef.jpg",
   "Image 2": "",
   "Product Link": "https://www.instacart.com/store/items/4462539?source1=aisle&source2=596&source3=596&impressionId=c0ec85b2-34a7-4e9b-8931-274047fc14ec",
   "FIELD9": ""
 },
 {
   "category": "Dairy & Eggs",
   "subcategory": "Packaged Cheese",
   "name": "365 Kosher Cheddar Slices",
   "price": "6.99",
   "description": "12 oz�",
   "image": "https://d2lnr5mha7bycj.cloudfront.net/product-image/file/large_8b7b880c-2803-4116-92db-5cd77ac5b373.jpg",
   "Image 2": "",
   "Product Link": "https://www.instacart.com/store/items/4498527?source1=aisle&source2=596&source3=596&impressionId=d7585099-ea2f-4732-86c5-23568dfcd72e",
   "FIELD9": ""
 },
 {
   "category": "Dairy & Eggs",
   "subcategory": "Packaged Cheese",
   "name": "365 Sliced Havarti",
   "price": "6.99",
   "description": "12 x 1 oz�",
   "image": "https://d2lnr5mha7bycj.cloudfront.net/product-image/file/large_ce066181-662c-43ea-af2c-09be1ef30745.jpg",
   "Image 2": "",
   "Product Link": "https://www.instacart.com/store/items/4504553?source1=aisle&source2=596&source3=596&impressionId=0d022060-85a3-4d94-8f07-b62d24a497dd",
   "FIELD9": ""
 },
 {
   "category": "Dairy & Eggs",
   "subcategory": "Packaged Cheese",
   "name": "365 Organic Shredded Mozzarella",
   "price": "8.99",
   "description": "16 oz�",
   "image": "https://d2lnr5mha7bycj.cloudfront.net/product-image/file/large_f41955e6-647e-4cc1-aa9e-a9917dfeef1e.jpg",
   "Image 2": "",
   "Product Link": "https://www.instacart.com/store/items/4510298?source1=aisle&source2=596&source3=596&impressionId=484c0132-faf3-441d-9b16-a762e5a3031b",
   "FIELD9": ""
 },
 {
   "category": "Dairy & Eggs",
   "subcategory": "Packaged Cheese",
   "name": "365 Organic Cream Cheese Bar",
   "price": "2.99",
   "description": "8 oz�",
   "image": "https://d2lnr5mha7bycj.cloudfront.net/product-image/file/large_339cd105-f845-4071-bc87-26d024add53f.jpg",
   "Image 2": "",
   "Product Link": "https://www.instacart.com/store/items/4572183?source1=aisle&source2=596&source3=596&impressionId=f739dfc9-301f-45c0-957a-680651bf32e8",
   "FIELD9": ""
 },
 {
   "category": "Dairy & Eggs",
   "subcategory": "Packaged Cheese",
   "name": "365 Organic Sharp Cheddar Cheese",
   "price": "5.99",
   "description": "8 oz�",
   "image": "https://d2lnr5mha7bycj.cloudfront.net/product-image/file/large_74b166c2-5010-47ac-b33b-4ad805f5435a.jpg",
   "Image 2": "",
   "Product Link": "https://www.instacart.com/store/items/4459532?source1=aisle&source2=596&source3=596&impressionId=8ffeced1-a2e3-4273-9494-85f4999829b7",
   "FIELD9": ""
 },
 {
   "category": "Dairy & Eggs",
   "subcategory": "Packaged Cheese",
   "name": "365 Organics Organic Light String Cheese",
   "price": "4.99",
   "description": "6 oz�",
   "image": "https://d2lnr5mha7bycj.cloudfront.net/product-image/file/large_b7f5d81b-7719-45c4-95b6-e51667f656a1.jpg",
   "Image 2": "",
   "Product Link": "https://www.instacart.com/store/items/4503750?source1=aisle&source2=596&source3=596&impressionId=75479de3-6a69-41b5-bb33-73bfce0ec3f0",
   "FIELD9": ""
 },
 {
   "category": "Dairy & Eggs",
   "subcategory": "Packaged Cheese",
   "name": "365 Emmentaler Swiss Slices",
   "price": "8.99",
   "description": "12 oz�",
   "image": "https://d2lnr5mha7bycj.cloudfront.net/product-image/file/large_0f705e5f-263a-481b-a66d-fa0d27251764.jpg",
   "Image 2": "",
   "Product Link": "https://www.instacart.com/store/items/4513355?source1=aisle&source2=596&source3=596&impressionId=1e861db3-4c97-441d-a922-5dff2afad781",
   "FIELD9": ""
 },
 {
   "category": "Dairy & Eggs",
   "subcategory": "Packaged Cheese",
   "name": "365 Colby Cheese Sticks",
   "price": "4.99",
   "description": "6 oz�",
   "image": "https://d2lnr5mha7bycj.cloudfront.net/product-image/file/large_fdfab8b1-97b7-4b6f-9e90-ad1a69ca890a.jpg",
   "Image 2": "",
   "Product Link": "https://www.instacart.com/store/items/4503553?source1=aisle&source2=596&source3=596&impressionId=fe53abea-9abd-4757-b4c0-91beb1912ad8",
   "FIELD9": ""
 },
 {
   "category": "Dairy & Eggs",
   "subcategory": "Milk",
   "name": "365 Organic Vitamin D Milk",
   "price": "6.49",
   "description": "128 fl oz ",
   "image": "https://d2lnr5mha7bycj.cloudfront.net/product-image/file/large_38fd0319-c5dd-4cb8-8f1d-8c4d2b5afbfc.jpg",
   "Image 2": "",
   "Product Link": "https://www.instacart.com/store/items/4571506?source1=aisle&source2=603&source3=603&impressionId=d3817438-0ccc-42cb-b9fc-26032ec7f0a8",
   "FIELD9": ""
 },
 {
   "category": "Dairy & Eggs",
   "subcategory": "Milk",
   "name": "365 Organic Whole Milk",
   "price": "3.99",
   "description": "64 oz ",
   "image": "https://d2lnr5mha7bycj.cloudfront.net/product-image/file/large_d5aa8b24-5b3f-4dd9-bcae-2a549077843d.jpg",
   "Image 2": "",
   "Product Link": "https://www.instacart.com/store/items/4473336?source1=aisle&source2=603&source3=603&impressionId=18ee28e7-60c5-4b11-88fb-88dce1feb9ee",
   "FIELD9": ""
 },
 {
   "category": "Dairy & Eggs",
   "subcategory": "Milk",
   "name": "365 Organic Reduced Fat Milk",
   "price": "6.49",
   "description": "1 gal ",
   "image": "https://d2lnr5mha7bycj.cloudfront.net/product-image/file/large_b97c16f2-1ada-49eb-8329-b70eb7e9eb36.jpg",
   "Image 2": "",
   "Product Link": "https://www.instacart.com/store/items/4571473?source1=aisle&source2=603&source3=603&impressionId=240ea854-9d26-4f5e-baab-440c2c327ed4",
   "FIELD9": ""
 },
 {
   "category": "Dairy & Eggs",
   "subcategory": "Milk",
   "name": "365 Organics Reduced 2% Fat Milk",
   "price": "3.99",
   "description": "64 fl oz ",
   "image": "https://d2lnr5mha7bycj.cloudfront.net/product-image/file/large_af0df163-dc10-4b83-8bdf-4cb7e39ede35.jpg",
   "Image 2": "",
   "Product Link": "https://www.instacart.com/store/items/4473467?source1=aisle&source2=603&source3=603&impressionId=bc560011-0cc8-46b6-9871-0da3296323d3",
   "FIELD9": ""
 },
 {
   "category": "Dairy & Eggs",
   "subcategory": "Milk",
   "name": "365 Organic Low Fat 1% Milk",
   "price": "3.99",
   "description": "0.5 gal ",
   "image": "https://d2lnr5mha7bycj.cloudfront.net/product-image/file/large_99a95585-6add-418c-9b67-f5e5cf8a099a.jpg",
   "Image 2": "",
   "Product Link": "https://www.instacart.com/store/items/4470625?source1=aisle&source2=603&source3=603&impressionId=be3a3786-a7d3-4343-ad06-9302290ec5bf",
   "FIELD9": ""
 },
 {
   "category": "Dairy & Eggs",
   "subcategory": "Milk",
   "name": "365 Organic Lowfat 1% Milk",
   "price": "6.49",
   "description": "1 gal ",
   "image": "https://d2lnr5mha7bycj.cloudfront.net/product-image/file/large_9ad4be5d-29d6-4235-b9ad-340d2ea813ce.jpg",
   "Image 2": "",
   "Product Link": "https://www.instacart.com/store/items/4571413?source1=aisle&source2=603&source3=603&impressionId=db0dbf38-8d48-4f1e-b145-d4540ed4c56a",
   "FIELD9": ""
 },
 {
   "category": "Dairy & Eggs",
   "subcategory": "Milk",
   "name": "Organic Valley Half & Half",
   "price": "2.59",
   "description": "1 pt ",
   "image": "https://d2lnr5mha7bycj.cloudfront.net/product-image/file/large_6481dcde-1d25-4ed1-951e-ceef303dc758.jpg",
   "Image 2": "",
   "Product Link": "https://www.instacart.com/store/items/4479145?source1=aisle&source2=603&source3=603&impressionId=d6c082c6-cdc2-4939-9105-80b61e596e7d",
   "FIELD9": ""
 },
 {
   "category": "Dairy & Eggs",
   "subcategory": "Milk",
   "name": "365 Skim Milk",
   "price": "3.99",
   "description": "0.5 gal ",
   "image": "https://d2lnr5mha7bycj.cloudfront.net/product-image/file/large_7e565cfe-6157-41ad-90ba-830cfa007b09.jpg",
   "Image 2": "",
   "Product Link": "https://www.instacart.com/store/items/26139782?source1=aisle&source2=603&source3=603&impressionId=117ecead-3f7a-4db6-a5c9-ebb5df407952",
   "FIELD9": ""
 },
 {
   "category": "Dairy & Eggs",
   "subcategory": "Milk",
   "name": "365 Organic Fat Free Milk",
   "price": "6.49",
   "description": "1 gal ",
   "image": "https://d2lnr5mha7bycj.cloudfront.net/product-image/file/large_3a76a359-c1a0-46ca-82ec-2311a03fd3ec.jpg",
   "Image 2": "",
   "Product Link": "https://www.instacart.com/store/items/4571359?source1=aisle&source2=603&source3=603&impressionId=c1aa092f-9e5a-473a-b331-3cc79967a07c",
   "FIELD9": ""
 },
 {
   "category": "Dairy & Eggs",
   "subcategory": "Milk",
   "name": "Organic Valley Grassmilk Organic Whole Milk",
   "price": "5.99",
   "description": "0.5 gal ",
   "image": "https://d2lnr5mha7bycj.cloudfront.net/product-image/file/large_228ed36e-8bd6-4fe4-bfb3-14686691dd06.jpg",
   "Image 2": "",
   "Product Link": "https://www.instacart.com/store/items/4561900?source1=aisle&source2=603&source3=603&impressionId=18edfce1-3729-49be-95fa-625f7dc5663f",
   "FIELD9": ""
 },
 {
   "category": "Dairy & Eggs",
   "subcategory": "Milk",
   "name": "Organic Valley Whole Milk",
   "price": "6.59",
   "description": "128 fl oz�",
   "image": "https://d2lnr5mha7bycj.cloudfront.net/product-image/file/large_b68cf67b-0337-4982-9418-4e6ed0776073.jpg",
   "Image 2": "",
   "Product Link": "https://www.instacart.com/store/items/4483219?source1=aisle&source2=603&source3=603&impressionId=44960ae4-3b38-4ca4-a0a1-0eb63a7c7ebb",
   "FIELD9": ""
 },
 {
   "category": "Dairy & Eggs",
   "subcategory": "Milk",
   "name": "Organic Valley Whole Milk",
   "price": "2.99",
   "description": "32 fl oz�",
   "image": "https://d2lnr5mha7bycj.cloudfront.net/product-image/file/large_552f7e00-e7df-4954-a026-aff3241012c3.jpg",
   "Image 2": "",
   "Product Link": "https://www.instacart.com/store/items/4481448?source1=aisle&source2=603&source3=603&impressionId=b0d1699f-4b5d-494b-ba4d-56fb8c35dd02",
   "FIELD9": ""
 },
 {
   "category": "Dairy & Eggs",
   "subcategory": "Milk",
   "name": "Organic Valley Whole Milk",
   "price": "4.29",
   "description": "64 fl oz�",
   "image": "https://d2lnr5mha7bycj.cloudfront.net/product-image/file/large_bf12cddc-ba9a-4a81-899a-c9a660ed0503.jpg",
   "Image 2": "",
   "Product Link": "https://www.instacart.com/store/items/4479368?source1=aisle&source2=603&source3=603&impressionId=ea197de7-5da6-44ef-8a2d-25dd903fe92d",
   "FIELD9": ""
 },
 {
   "category": "Dairy & Eggs",
   "subcategory": "Milk",
   "name": "Organic Valley 2% Reduced Fat Milk",
   "price": "4.29",
   "description": "64 fl oz�",
   "image": "https://d2lnr5mha7bycj.cloudfront.net/product-image/file/large_63769b51-4bc0-4b34-825b-840064030b41.jpg",
   "Image 2": "",
   "Product Link": "https://www.instacart.com/store/items/4475013?source1=aisle&source2=603&source3=603&impressionId=e9142279-c36f-4726-96fb-f476e025c60d",
   "FIELD9": ""
 },
 {
   "category": "Dairy & Eggs",
   "subcategory": "Milk",
   "name": "365 Organic Lite Coconut Milk",
   "price": "2",
   "description": "13.5 fl oz�",
   "image": "https://d2lnr5mha7bycj.cloudfront.net/product-image/file/large_73bae7a9-fd43-4761-ba38-2d8c569f64e0.jpg",
   "Image 2": "",
   "Product Link": "https://www.instacart.com/store/items/4486392?source1=aisle&source2=603&source3=603&impressionId=19eb7628-5d60-40ea-a0aa-41a3baf563d2",
   "FIELD9": ""
 },
 {
   "category": "Dairy & Eggs",
   "subcategory": "Milk",
   "name": "Organic Valley Superior Whole Omega-3 Organic Milk",
   "price": "5.99",
   "description": "64 fl oz�",
   "image": "https://d2lnr5mha7bycj.cloudfront.net/product-image/file/large_66a1c09b-6f02-4dab-b5b2-7d3cd5ed508c.jpg",
   "Image 2": "",
   "Product Link": "https://www.instacart.com/store/items/4570475?source1=aisle&source2=603&source3=603&impressionId=b1180ac7-881e-4539-8599-08b02fff2bd2",
   "FIELD9": ""
 },
 {
   "category": "Dairy & Eggs",
   "subcategory": "Milk",
   "name": "New Barn Organic Unsweetened Almond Milk",
   "price": "4.99",
   "description": "28 fl oz�",
   "image": "https://d2lnr5mha7bycj.cloudfront.net/product-image/file/large_a8d57683-87ab-47dc-bdef-c7726f8e1211.jpg",
   "Image 2": "",
   "Product Link": "https://www.instacart.com/store/items/18793041?source1=aisle&source2=603&source3=603&impressionId=9d169e93-2a0e-44d1-8de0-5f002248bd9f",
   "FIELD9": ""
 },
 {
   "category": "Dairy & Eggs",
   "subcategory": "Milk",
   "name": "Blue Diamond Almond Breeze Original Almondmilk",
   "price": "3.49",
   "description": "64 fl oz�",
   "image": "https://d2lnr5mha7bycj.cloudfront.net/product-image/file/large_dcd05e11-842a-4629-b7bf-5dfb337464a2.jpg",
   "Image 2": "",
   "Product Link": "https://www.instacart.com/store/items/4564987?source1=aisle&source2=603&source3=603&impressionId=4260f3f4-4a64-4e8c-b875-927dad43785e",
   "FIELD9": ""
 },
 {
   "category": "Dairy & Eggs",
   "subcategory": "Milk",
   "name": "Organic Valley Reduced Fat Milk",
   "price": "2.99",
   "description": "32 fl oz�",
   "image": "https://d2lnr5mha7bycj.cloudfront.net/product-image/file/large_4c842c26-0437-48df-b566-54f107fa30b8.jpg",
   "Image 2": "",
   "Product Link": "https://www.instacart.com/store/items/4482844?source1=aisle&source2=603&source3=603&impressionId=dd3fce3f-0b95-4f3d-9697-3b4317b1dbc4",
   "FIELD9": ""
 },
 {
   "category": "Dairy & Eggs",
   "subcategory": "Milk",
   "name": "So Delicious Dairy Free Unsweetened Vanilla Coconut Milk",
   "price": "3.99",
   "description": "64 fl oz�",
   "image": "https://d2lnr5mha7bycj.cloudfront.net/product-image/file/large_6121de89-8645-4e2e-9a6a-c23b9d314233.jpg",
   "Image 2": "",
   "Product Link": "https://www.instacart.com/store/items/4567973?source1=aisle&source2=603&source3=603&impressionId=455495ca-680a-466f-b6e3-9c12b39d6a71",
   "FIELD9": ""
 },
 {
   "category": "Dairy & Eggs",
   "subcategory": "Eggs",
   "name": "Vital Farms Organic Pasture Raised Large Grade AA Eggs",
   "price": "8.49",
   "description": "12 ct ",
   "image": "https://d2lnr5mha7bycj.cloudfront.net/product-image/file/large_2d396973-a919-4f9f-90ea-1bb4dcb8b00d.jpg",
   "Image 2": "",
   "Product Link": "https://www.instacart.com/store/items/4565822?source1=aisle&source2=601&source3=601&impressionId=126b3fa9-fa06-4d42-a1de-a6760d41eb1b",
   "FIELD9": ""
 },
 {
   "category": "Dairy & Eggs",
   "subcategory": "Eggs",
   "name": "Organic Valley Omega-3 Organic Large Brown Eggs Eggs",
   "price": "5.99",
   "description": "1 doz ",
   "image": "https://d2lnr5mha7bycj.cloudfront.net/product-image/file/large_3aea44aa-be0e-429a-a6a7-c8198be70ac6.JPG",
   "Image 2": "",
   "Product Link": "https://www.instacart.com/store/items/4474072?source1=aisle&source2=601&source3=601&impressionId=341e8664-2625-4193-af78-e2d83ddcbec6",
   "FIELD9": ""
 },
 {
   "category": "Dairy & Eggs",
   "subcategory": "Eggs",
   "name": "Organic Valley Organic Large Brown Eggs",
   "price": "5.69",
   "description": "12 ct ",
   "image": "https://d2lnr5mha7bycj.cloudfront.net/product-image/file/large_1b4a4904-4311-4f51-a131-257037a622c6.jpg",
   "Image 2": "",
   "Product Link": "https://www.instacart.com/store/items/4474517?source1=aisle&source2=601&source3=601&impressionId=5fdb7864-9311-454b-b09d-ec36fda85aca",
   "FIELD9": ""
 },
 {
   "category": "Dairy & Eggs",
   "subcategory": "Eggs",
   "name": "ital Farms Large Alfresco Pasture Raised Eggs",
   "price": "7.49",
   "description": "12 ct ",
   "image": "https://d2lnr5mha7bycj.cloudfront.net/product-image/file/large_523e835a-b415-4dd1-9197-ea0d8f19f8f3.jpg",
   "Image 2": "",
   "Product Link": "https://www.instacart.com/store/items/15845388?source1=aisle&source2=601&source3=601&impressionId=3b5096a0-dc81-4ab0-b58c-c949680b10e9",
   "FIELD9": ""
 },
 {
   "category": "Dairy & Eggs",
   "subcategory": "Eggs",
   "name": "365 Organic Egg Whites",
   "price": "3.99",
   "description": "16 oz ",
   "image": "https://d2lnr5mha7bycj.cloudfront.net/product-image/file/large_48de7fcf-a2a0-49dd-bf1d-4f0609b92a2b.jpg",
   "Image 2": "",
   "Product Link": "https://www.instacart.com/store/items/4571173?source1=aisle&source2=601&source3=601&impressionId=6e7df529-c609-4efe-a4f6-a90f270e45d6",
   "FIELD9": ""
 },
 {
   "category": "Dairy & Eggs",
   "subcategory": "Eggs",
   "name": "365 Cage Free Non GMO Large Grade A Brown Eggs",
   "price": "3.79",
   "description": "12 ct ",
   "image": "https://d2lnr5mha7bycj.cloudfront.net/product-image/file/large_9964eecf-0ef1-4673-a9ba-674da9fb2509.jpg",
   "Image 2": "",
   "Product Link": "https://www.instacart.com/store/items/26748720?source1=aisle&source2=601&source3=601&impressionId=5985500b-723f-4e2b-b191-cec8b51aec76",
   "FIELD9": ""
 },
 {
   "category": "Dairy & Eggs",
   "subcategory": "Eggs",
   "name": "365 Organic Large Grade A Brown Eggs",
   "price": "4.49",
   "description": "12 ct ",
   "image": "https://d2lnr5mha7bycj.cloudfront.net/product-image/file/large_c8ef2ecb-635b-4202-bdc6-5044f7f1b64e.jpg",
   "Image 2": "",
   "Product Link": "https://www.instacart.com/store/items/26748650?source1=aisle&source2=601&source3=601&impressionId=33602b2a-54a4-4af5-8458-505dc9dcd8bf",
   "FIELD9": ""
 },
 {
   "category": "Dairy & Eggs",
   "subcategory": "Eggs",
   "name": "NatureFed Cage Free Large Brown Grade A Eggs",
   "price": "4.49",
   "description": "1 dozen ",
   "image": "https://d2lnr5mha7bycj.cloudfront.net/product-image/file/large_d3552ba5-06ad-47eb-894e-72342f2366f8.jpg",
   "Image 2": "",
   "Product Link": "https://www.instacart.com/store/items/4529781?source1=aisle&source2=601&source3=601&impressionId=e5866a5b-2d37-4c90-a76f-7869e8472656",
   "FIELD9": ""
 },
 {
   "category": "Dairy & Eggs",
   "subcategory": "Eggs",
   "name": "365 Cage Free Large Grade A White Eggs",
   "price": "3.69",
   "description": "12 ct ",
   "image": "https://d2lnr5mha7bycj.cloudfront.net/product-image/file/large_55bfbfdc-63ba-402c-a2b5-98fb3072c01d.jpg",
   "Image 2": "",
   "Product Link": "https://www.instacart.com/store/items/26748694?source1=aisle&source2=601&source3=601&impressionId=4fe9a8d0-79b9-46b5-9d30-2e729398d166",
   "FIELD9": ""
 },
 {
   "category": "Dairy & Eggs",
   "subcategory": "Eggs",
   "name": "Organic Valley Omega-3 Organic Extra-Large Brown Eggs",
   "price": "6.49",
   "description": "1 doz ",
   "image": "https://d2lnr5mha7bycj.cloudfront.net/product-image/file/large_eb0fd2b6-8015-4204-a0cb-810a9e38dc82.jpg",
   "Image 2": "",
   "Product Link": "https://www.instacart.com/store/items/4474666?source1=aisle&source2=601&source3=601&impressionId=2139652a-9702-412d-9919-90e8e026ce2c",
   "FIELD9": ""
 },
 {
   "category": "Dairy & Eggs",
   "subcategory": "Eggs",
   "name": "Organic Valley Organic Large Brown Eggs",
   "price": "2.99",
   "description": "6 ct�",
   "image": "https://d2lnr5mha7bycj.cloudfront.net/product-image/file/large_4afcaca4-7d48-498c-bc2e-3d07939121a2.jpg",
   "Image 2": "",
   "Product Link": "https://www.instacart.com/store/items/22223030?source1=aisle&source2=601&source3=601&impressionId=8398da31-f43a-45fc-a7d0-a18878bb8791",
   "FIELD9": ""
 },
 {
   "category": "Dairy & Eggs",
   "subcategory": "Eggs",
   "name": "Organic Valley Organic Extra-Large Brown Eggs",
   "price": "5.79",
   "description": "1 doz�",
   "image": "https://d2lnr5mha7bycj.cloudfront.net/product-image/file/large_a3eaf6d5-9f50-43d9-a3e9-216c8531a5c1.jpg",
   "Image 2": "",
   "Product Link": "https://www.instacart.com/store/items/4474360?source1=aisle&source2=601&source3=601&impressionId=5711b547-e89a-4038-9fb9-d5dc3c422759",
   "FIELD9": ""
 },
 {
   "category": "Dairy & Eggs",
   "subcategory": "Eggs",
   "name": "365 Cage Free Extra Large Brown Eggs",
   "price": "3.99",
   "description": "1 dozen�",
   "image": "https://d2lnr5mha7bycj.cloudfront.net/product-image/file/large_ffe1d3e7-c991-4fd3-9733-9df4a3268fe2.jpg",
   "Image 2": "",
   "Product Link": "https://www.instacart.com/store/items/26762262?source1=aisle&source2=601&source3=601&impressionId=2398352d-b1c3-4a5c-a465-712e4c9070ea",
   "FIELD9": ""
 },
 {
   "category": "Dairy & Eggs",
   "subcategory": "Eggs",
   "name": "NatureFed Cage Free Large White Grade A Eggs",
   "price": "4.49",
   "description": "1 dozen��",
   "image": "https://d2lnr5mha7bycj.cloudfront.net/product-image/file/large_c7c58924-8d2a-4c38-9bc7-9975ffa942c8.jpg",
   "Image 2": "",
   "Product Link": "https://www.instacart.com/store/items/4530008?source1=aisle&source2=601&source3=601&impressionId=eed9232c-30b5-472e-bb93-038a4615b396",
   "FIELD9": ""
 },
 {
   "category": "Dairy & Eggs",
   "subcategory": "Eggs",
   "name": "365 Organic Extra Large Grade A Brown Eggs",
   "price": "4.99",
   "description": "12 ct�",
   "image": "https://d2lnr5mha7bycj.cloudfront.net/product-image/file/large_0bb706e2-42d5-42b0-8ed1-a92dfa63ed47.jpg",
   "Image 2": "",
   "Product Link": "https://www.instacart.com/store/items/26762281?source1=aisle&source2=601&source3=601&impressionId=ef9dcb82-b064-4944-92ae-7220e0af99c0",
   "FIELD9": ""
 },
 {
   "category": "Dairy & Eggs",
   "subcategory": "Eggs",
   "name": "Organic Valley Organic Extra-Large Brown Eggs",
   "price": "3.19",
   "description": "13.5 oz�",
   "image": "https://d2lnr5mha7bycj.cloudfront.net/product-image/file/large_28cb682b-a912-42bd-b518-2883752a52d9.jpg",
   "Image 2": "",
   "Product Link": "https://www.instacart.com/store/items/4474252?source1=aisle&source2=601&source3=601&impressionId=f7e502d0-e83d-4a7a-859a-ad637223316a",
   "FIELD9": ""
 },
 {
   "category": "Dairy & Eggs",
   "subcategory": "Eggs",
   "name": "Alexandre Kids Organic Pasture Raised Brown Eggs",
   "price": "8.99",
   "description": "1 dozen�",
   "image": "https://d2lnr5mha7bycj.cloudfront.net/product-image/file/large_fed95db4-8f27-4d2c-94d0-411dc6ef6734.jpg",
   "Image 2": "",
   "Product Link": "https://www.instacart.com/store/items/4499288?source1=aisle&source2=601&source3=601&impressionId=89f9dbde-6883-47c2-8ec8-31bff99294bf",
   "FIELD9": ""
 },
 {
   "category": "Dairy & Eggs",
   "subcategory": "Eggs",
   "name": "365 Organic Large Omega 3 Brown Eggs",
   "price": "5.69",
   "description": "1 dozen�",
   "image": "https://d2lnr5mha7bycj.cloudfront.net/product-image/file/large_c589efdb-2fe5-4106-b572-1bcf835d48e1.jpg",
   "Image 2": "",
   "Product Link": "https://www.instacart.com/store/items/27442411?source1=aisle&source2=601&source3=601&impressionId=bd08fa1b-f7e0-4fde-98dc-aea0b54a03f8",
   "FIELD9": ""
 },
 {
   "category": "Dairy & Eggs",
   "subcategory": "Eggs",
   "name": "Organic Valley Liquid Egg Whites",
   "price": "6.49",
   "description": "16 oz�",
   "image": "https://d2lnr5mha7bycj.cloudfront.net/product-image/file/large_026cd6c1-5292-44fc-820c-c6635f1386e3.jpg",
   "Image 2": "",
   "Product Link": "https://www.instacart.com/store/items/4474761?source1=aisle&source2=601&source3=601&impressionId=372c264b-b618-48ad-8c9b-e4ebd04d03e2",
   "FIELD9": ""
 },
 {
   "category": "Dairy & Eggs",
   "subcategory": "Eggs",
   "name": "365 Cage Free Grade A Medium Brown Eggs",
   "price": "4.99",
   "description": "18 ct�",
   "image": "https://d2lnr5mha7bycj.cloudfront.net/product-image/file/large_1220cc73-dede-45ed-b622-5852b613a947.jpg",
   "Image 2": "",
   "Product Link": "https://www.instacart.com/store/items/27319368?source1=aisle&source2=601&source3=601&impressionId=0a5c6838-a035-4f4c-beef-893618fd14d3",
   "FIELD9": ""
 },
 {
   "category": "Dairy & Eggs",
   "subcategory": "Cream",
   "name": "Nutpods Natures's Dairy-Free Creamer French Vanilla Unsweetened",
   "price": "3.99",
   "description": "11.2 fl oz ",
   "image": "https://d2lnr5mha7bycj.cloudfront.net/product-image/file/large_1a4d7c73-68f1-4105-a755-89358c16b70c.jpg",
   "Image 2": "",
   "Product Link": "https://www.instacart.com/store/items/28087332?source1=aisle&source2=985&source3=985&impressionId=2345806f-b7aa-455c-8354-b0337d6b9f84",
   "FIELD9": ""
 },
 {
   "category": "Dairy & Eggs",
   "subcategory": "Cream",
   "name": "Nutpods Unsweetened Hazelnut Creamer",
   "price": "3.99",
   "description": "11.2 fl oz ",
   "image": "https://d2lnr5mha7bycj.cloudfront.net/product-image/file/large_7c6eb743-8a91-4668-bb58-6c38e469cd44.png",
   "Image 2": "",
   "Product Link": "https://www.instacart.com/store/items/28087318?source1=aisle&source2=985&source3=985&impressionId=c21cbbbb-e790-4382-8a05-fd0a80489203",
   "FIELD9": ""
 },
 {
   "category": "Dairy & Eggs",
   "subcategory": "Cream",
   "name": "Organic Valley Half & Half",
   "price": "4.39",
   "description": "32 fl oz ",
   "image": "https://d2lnr5mha7bycj.cloudfront.net/product-image/file/large_2b4f6e6e-4575-4c76-9508-6a570f0a9ce7.jpg",
   "Image 2": "",
   "Product Link": "https://www.instacart.com/store/items/4482298?source1=aisle&source2=985&source3=985&impressionId=3a7b3148-9c19-4457-a7a0-7c49ae772950",
   "FIELD9": ""
 },
 {
   "category": "Dairy & Eggs",
   "subcategory": "Cream",
   "name": "365 Organic Vanilla Coffee Creamer",
   "price": "3.69",
   "description": "16 fl oz ",
   "image": "https://d2lnr5mha7bycj.cloudfront.net/product-image/file/large_c393e0bd-4103-4ef1-8b11-79fe9368f55c.jpg",
   "Image 2": "",
   "Product Link": "https://www.instacart.com/store/items/4570309?source1=aisle&source2=985&source3=985&impressionId=78cdaba2-2c83-4e77-9cf2-a1d2da30b889",
   "FIELD9": ""
 },
 {
   "category": "Dairy & Eggs",
   "subcategory": "Cream",
   "name": "365 Light Whipped Cream",
   "price": "3.99",
   "description": "7 oz ",
   "image": "https://d2lnr5mha7bycj.cloudfront.net/product-image/file/large_afbad67a-bb96-43d7-9416-29eea3049768.jpg",
   "Image 2": "",
   "Product Link": "https://www.instacart.com/store/items/4571198?source1=aisle&source2=985&source3=985&impressionId=d313cd43-d0c2-4964-83d9-bea4a1d0db94",
   "FIELD9": ""
 },
 {
   "category": "Dairy & Eggs",
   "subcategory": "Cream",
   "name": "365 Organic Hazelnut Coffee Creamer",
   "price": "3.69",
   "description": "16 oz ",
   "image": "https://d2lnr5mha7bycj.cloudfront.net/product-image/file/large_e51dbaae-ff9c-4d0f-adca-355cf9f294d7.jpg",
   "Image 2": "",
   "Product Link": "https://www.instacart.com/store/items/4570401?source1=aisle&source2=985&source3=985&impressionId=eb182a00-f098-441a-82f4-6b2a732de73b",
   "FIELD9": ""
 },
 {
   "category": "Dairy & Eggs",
   "subcategory": "Cream",
   "name": "Organic Valley Organic Heavy Whipping Cream",
   "price": "2.39",
   "description": "8 oz",
   "image": "https://d2lnr5mha7bycj.cloudfront.net/product-image/file/large_7b076c05-8380-4b0f-81ea-5928186b300e.jpg",
   "Image 2": "",
   "Product Link": "https://www.instacart.com/store/items/32398291?source1=aisle&source2=985&source3=985&impressionId=a361ab8b-0c5b-4871-b891-779ed2e2bfd1",
   "FIELD9": ""
 },
 {
   "category": "Dairy & Eggs",
   "subcategory": "Cream",
   "name": "Califia Farms Unsweetened Better Half Coconut Cream & Almondmilk Creamer",
   "price": "3.49",
   "description": "16 oz ",
   "image": "https://d2lnr5mha7bycj.cloudfront.net/product-image/file/large_2bdfa076-a2f0-4cce-b3b7-343bc5577d43.jpg",
   "Image 2": "",
   "Product Link": "https://www.instacart.com/store/items/26930644?source1=aisle&source2=985&source3=985&impressionId=38c07603-bd76-4a7c-85c4-d83db6125c24",
   "FIELD9": ""
 },
 {
   "category": "Dairy & Eggs",
   "subcategory": "Cream",
   "name": "So Delicious Dairy Free French Vanilla Coconut Milk Creamer",
   "price": "2.99",
   "description": "16 oz ",
   "image": "https://d2lnr5mha7bycj.cloudfront.net/product-image/file/large_de00ddc2-49a4-4548-94c4-93c6da1cc813.jpg",
   "Image 2": "",
   "Product Link": "https://www.instacart.com/store/items/4572447?source1=aisle&source2=985&source3=985&impressionId=810489ba-7f82-4ad3-8683-006c705cb395",
   "FIELD9": ""
 },
 {
   "category": "Dairy & Eggs",
   "subcategory": "Cream",
   "name": "Horizon Organic Heavy Whipping Cream",
   "price": "4.99",
   "description": "16 fl oz ",
   "image": "https://d2lnr5mha7bycj.cloudfront.net/product-image/file/large_2a86fd84-c847-4499-b5ac-5d88bf8b4f00.jpg",
   "Image 2": "",
   "Product Link": "https://www.instacart.com/store/items/4571307?source1=aisle&source2=985&source3=985&impressionId=69245d0a-4065-496f-9aa6-e2aa8055c625",
   "FIELD9": ""
 },
 {
   "category": "Dairy & Eggs",
   "subcategory": "Cream",
   "name": "Organic Valley Lactose Free Half & Half",
   "price": "4.99",
   "description": "32 fl oz�",
   "image": "https://d2lnr5mha7bycj.cloudfront.net/product-image/file/large_ef5138ab-c8f0-4179-8304-2570ec1befd3.JPG",
   "Image 2": "",
   "Product Link": "https://www.instacart.com/store/items/4513745?source1=aisle&source2=985&source3=985&impressionId=61b06942-ac7a-4227-af14-142e8e9da825",
   "FIELD9": ""
 },
 {
   "category": "Dairy & Eggs",
   "subcategory": "Cream",
   "name": "Organic Valley 64 oz UHT Half & Half Half & Half",
   "price": "7.99",
   "description": "64 oz�",
   "image": "https://d2lnr5mha7bycj.cloudfront.net/product-image/file/large_2508fa2d-8f54-486d-b87c-4bf259e73b62.jpg",
   "Image 2": "",
   "Product Link": "https://www.instacart.com/store/items/4572316?source1=aisle&source2=985&source3=985&impressionId=b61f4968-af76-4a85-b4ca-351e43979956",
   "FIELD9": ""
 },
 {
   "category": "Dairy & Eggs",
   "subcategory": "Cream",
   "name": "Califia Farms Original Better Half Coconut Cream & Almondmilk Creamer",
   "price": "3.49",
   "description": "16 oz�",
   "image": "https://d2lnr5mha7bycj.cloudfront.net/product-image/file/large_cc6d4ffe-69ec-4bdc-a815-f02edf48e4c9.jpg",
   "Image 2": "",
   "Product Link": "https://www.instacart.com/store/items/27052406?source1=aisle&source2=985&source3=985&impressionId=3dda22aa-9e0c-4ebe-b898-050e4c5af072",
   "FIELD9": ""
 },
 {
   "category": "Dairy & Eggs",
   "subcategory": "Cream",
   "name": "Natural By Nature Light Sweetened Classic Whipped Cream",
   "price": "4.99",
   "description": "7.0 oz�",
   "image": "https://d2lnr5mha7bycj.cloudfront.net/product-image/file/large_9aa31766-bd0b-40ee-ac50-8db5cdb9c1a0.jpg",
   "Image 2": "",
   "Product Link": "https://www.instacart.com/store/items/4557938?source1=aisle&source2=985&source3=985&impressionId=f29ab674-30cf-4995-b67c-699323b89f54",
   "FIELD9": ""
 },
 {
   "category": "Dairy & Eggs",
   "subcategory": "Cream",
   "name": "Califia Farms Hazelnut Almondmilk Creamer",
   "price": "5.49",
   "description": "32 oz",
   "image": "https://d2lnr5mha7bycj.cloudfront.net/product-image/file/large_cb0940f2-26c7-466f-94b5-5c3992bc24ca.jpg",
   "Image 2": "",
   "Product Link": "https://www.instacart.com/store/items/8424999?source1=aisle&source2=985&source3=985&impressionId=71e326b4-469e-40d7-b7a3-6c5d776aeb30",
   "FIELD9": ""
 },
 {
   "category": "Dairy & Eggs",
   "subcategory": "Cream",
   "name": "Organic Valley French Vanilla Half & Half",
   "price": "3.69",
   "description": "16 fl oz�",
   "image": "https://d2lnr5mha7bycj.cloudfront.net/product-image/file/large_feee4350-c098-4bfd-aaf9-26b70b59478a.JPG",
   "Image 2": "",
   "Product Link": "https://www.instacart.com/store/items/28118327?source1=aisle&source2=985&source3=985&impressionId=1a47e3b2-0296-4fe6-9e70-3eec82b68533",
   "FIELD9": ""
 },
 {
   "category": "Dairy & Eggs",
   "subcategory": "Cream",
   "name": "Organic Valley Organic Heavy Pasteurized Whipping Cream",
   "price": "4.39",
   "description": "16 oz�",
   "image": "https://d2lnr5mha7bycj.cloudfront.net/product-image/file/large_bd273fe9-ba6d-48f0-9be8-f5917736b4f0.JPG",
   "Image 2": "",
   "Product Link": "https://www.instacart.com/store/items/27552968?source1=aisle&source2=985&source3=985&impressionId=b7ec689b-def9-47b9-a7bc-181b25c6b722",
   "FIELD9": ""
 },
 {
   "category": "Dairy & Eggs",
   "subcategory": "Cream",
   "name": "Sunshine Dairy Foods Half & Half",
   "price": "2.79",
   "description": "1 qt�",
   "image": "https://d2lnr5mha7bycj.cloudfront.net/product-image/file/large_a32548bc-fe82-4c98-a5b7-9d81ea9e681c.jpg",
   "Image 2": "",
   "Product Link": "https://www.instacart.com/store/items/4488355?source1=aisle&source2=985&source3=985&impressionId=dba9ed81-db44-466d-9bab-c6be4c2d38dc",
   "FIELD9": ""
 },
 {
   "category": "Dairy & Eggs",
   "subcategory": "Cream",
   "name": "Organic Valley Hazelnut Half & Half",
   "price": "3.69",
   "description": "1 pt�",
   "image": "https://d2lnr5mha7bycj.cloudfront.net/product-image/file/large_0f37bb2e-6de3-4ba9-8100-461e95815a58.JPG",
   "Image 2": "",
   "Product Link": "https://www.instacart.com/store/items/29529020?source1=aisle&source2=985&source3=985&impressionId=5cc769a4-6580-491b-bc5c-b401e88500d7",
   "FIELD9": ""
 },
 {
   "category": "Dairy & Eggs",
   "subcategory": "Cream",
   "name": "Sunshine Dairy Foods Heavy Grade A Whipping Cream",
   "price": "3.49",
   "description": "16 oz�",
   "image": "https://d2lnr5mha7bycj.cloudfront.net/product-image/file/large_1ad74306-57f0-4edf-b22d-c49893c52a20.jpg",
   "Image 2": "",
   "Product Link": "https://www.instacart.com/store/items/4488332?source1=aisle&source2=985&source3=985&impressionId=fa59d23d-df94-4b3c-8649-dd7566d80bd9",
   "FIELD9": ""
 },
 {
   "category": "Dairy & Eggs",
   "subcategory": "Butter",
   "name": "365 Unsalted Butter",
   "price": "3.49",
   "description": "4 x 4 oz ",
   "image": "https://d2lnr5mha7bycj.cloudfront.net/product-image/file/large_732e4fc8-2051-4788-b671-afaabdd04072.jpg",
   "Image 2": "",
   "Product Link": "https://www.instacart.com/store/items/4520579?source1=aisle&source2=962&source3=962&impressionId=36d393e5-1b4d-4af4-bdc7-ad1b2a909c3f",
   "FIELD9": ""
 },
 {
   "category": "Dairy & Eggs",
   "subcategory": "Butter",
   "name": "365 Salted Butter",
   "price": "3.49",
   "description": "4 x 4 oz ",
   "image": "https://d2lnr5mha7bycj.cloudfront.net/product-image/file/large_af66c465-b83e-4cae-9658-e5df2ea18f09.jpg",
   "Image 2": "",
   "Product Link": "https://www.instacart.com/store/items/4520688?source1=aisle&source2=962&source3=962&impressionId=600a268b-4efe-4e50-8422-c7e3084fba5e",
   "FIELD9": ""
 },
 {
   "category": "Dairy & Eggs",
   "subcategory": "Butter",
   "name": "365 Organic Unsalted Butter",
   "price": "4.99",
   "description": "4 x 4 oz ",
   "image": "https://d2lnr5mha7bycj.cloudfront.net/product-image/file/large_84430c4b-1888-4b8d-b11e-d6db30fcf793.jpg",
   "Image 2": "",
   "Product Link": "https://www.instacart.com/store/items/21454197?source1=aisle&source2=962&source3=962&impressionId=2e8177c1-2c83-4927-8d2f-a5bddfb4c93d",
   "FIELD9": ""
 },
 {
   "category": "Dairy & Eggs",
   "subcategory": "Butter",
   "name": "Kerrygold Pure Irish Butter, Salted",
   "price": "3.99",
   "description": "8 oz ",
   "image": "https://d2lnr5mha7bycj.cloudfront.net/product-image/file/large_95db2d3d-1d33-49fc-b8e6-798fc29a11a7.jpg",
   "Image 2": "",
   "Product Link": "https://www.instacart.com/store/items/4569059?source1=aisle&source2=962&source3=962&impressionId=bbc6ae02-660e-4afb-b813-d6161aa6224a",
   "FIELD9": ""
 },
 {
   "category": "Dairy & Eggs",
   "subcategory": "Butter",
   "name": "Kerrygold Pure Irish Butter Unsalted",
   "price": "3.99",
   "description": "8 oz ",
   "image": "https://d2lnr5mha7bycj.cloudfront.net/product-image/file/large_b6da3310-d91a-43e8-ac2b-1a587ef1b132.jpg",
   "Image 2": "",
   "Product Link": "https://www.instacart.com/store/items/4568716?source1=aisle&source2=962&source3=962&impressionId=789f8f7e-80cb-4e70-b0ab-22847cbc21b2",
   "FIELD9": ""
 },
 {
   "category": "Dairy & Eggs",
   "subcategory": "Butter",
   "name": "365 Organic Salted Butter",
   "price": "4.99",
   "description": "4 x 4 oz ",
   "image": "https://d2lnr5mha7bycj.cloudfront.net/product-image/file/large_f0a76575-57d8-4e09-ac5e-aafc8d488194.jpg",
   "Image 2": "",
   "Product Link": "https://www.instacart.com/store/items/21397921?source1=aisle&source2=962&source3=962&impressionId=af94c559-0188-44cf-8bc8-93c16aa61793",
   "FIELD9": ""
 },
 {
   "category": "Dairy & Eggs",
   "subcategory": "Butter",
   "name": "Earth Balance Original Natural Buttery Spread",
   "price": "4.29",
   "description": "13 oz ",
   "image": "https://d2lnr5mha7bycj.cloudfront.net/product-image/file/large_51e0f925-a4d5-4eef-90a7-c6c67a097443.jpg",
   "Image 2": "",
   "Product Link": "https://www.instacart.com/store/items/4470542?source1=aisle&source2=962&source3=962&impressionId=59308563-84ee-48a5-a43a-9f5d4a8ce160",
   "FIELD9": ""
 },
 {
   "category": "Dairy & Eggs",
   "subcategory": "Butter",
   "name": "Organic Valley Unsalted Quarters Organic Cultured Butter",
   "price": "6.99",
   "description": "16 oz ",
   "image": "https://d2lnr5mha7bycj.cloudfront.net/product-image/file/large_f73bfd57-2358-4320-96a6-f518103c14b3.jpg",
   "Image 2": "",
   "Product Link": "https://www.instacart.com/store/items/4480006?source1=aisle&source2=962&source3=962&impressionId=7a1b99c2-ca36-47eb-986e-b92f91d9c0d9",
   "FIELD9": ""
 },
 {
   "category": "Dairy & Eggs",
   "subcategory": "Butter",
   "name": "Purity Farms Clarified Butter 13 OZ JAR Ghee",
   "price": "12.99",
   "description": "13 oz ",
   "image": "https://d2lnr5mha7bycj.cloudfront.net/product-image/file/large_b70e8b9f-4bf3-465f-a0be-124a1187f61d.jpg",
   "Image 2": "",
   "Product Link": "https://www.instacart.com/store/items/26394976?source1=aisle&source2=962&source3=962&impressionId=fb433a39-3230-4db0-a882-bc18909845cd",
   "FIELD9": ""
 },
 {
   "category": "Dairy & Eggs",
   "subcategory": "Butter",
   "name": "Organic Valley Pasture Salted Cultured Butter",
   "price": "4.49",
   "description": "8 oz ",
   "image": "https://d2lnr5mha7bycj.cloudfront.net/product-image/file/large_e843c9de-65f7-41be-a572-c584cc710325.JPG",
   "Image 2": "",
   "Product Link": "https://www.instacart.com/store/items/8251765?source1=aisle&source2=962&source3=962&impressionId=2292e6d3-56d0-4ab4-93f7-25ce0e2273db",
   "FIELD9": ""
 },
 {
   "category": "Dairy & Eggs",
   "subcategory": "Butter",
   "name": "Earth Balance Soy Free Spread",
   "price": "4.99",
   "description": "15 oz�",
   "image": "https://d2lnr5mha7bycj.cloudfront.net/product-image/file/large_23c3e1ff-bfc2-4a7e-9d59-6390c9a6b985.jpg",
   "Image 2": "",
   "Product Link": "https://www.instacart.com/store/items/4567442?source1=aisle&source2=962&source3=962&impressionId=78b902d7-8fcf-4aaf-b481-35cf92b07832",
   "FIELD9": ""
 },
 {
   "category": "Dairy & Eggs",
   "subcategory": "Butter",
   "name": "Purity Farms Clarified Butter 7.5 OZ JAR Ghee",
   "price": "7.99",
   "description": "7.5 oz�",
   "image": "https://d2lnr5mha7bycj.cloudfront.net/product-image/file/large_f0db73eb-f54b-48d7-81f8-53a1c2158991.jpg",
   "Image 2": "",
   "Product Link": "https://www.instacart.com/store/items/4476805?source1=aisle&source2=962&source3=962&impressionId=ad0f3821-d7a1-4614-bcce-4119e149499a",
   "FIELD9": ""
 },
 {
   "category": "Dairy & Eggs",
   "subcategory": "Butter",
   "name": "Earth Balance Vegan Buttery Sticks",
   "price": "5.49",
   "description": "4 x 4 oz�",
   "image": "https://d2lnr5mha7bycj.cloudfront.net/product-image/file/large_3644f920-5ead-46c2-a6bd-9b47f2a2833a.jpg",
   "Image 2": "",
   "Product Link": "https://www.instacart.com/store/items/4470181?source1=aisle&source2=962&source3=962&impressionId=f87a454c-6ded-4ac6-914a-22a8782428ad",
   "FIELD9": ""
 },
 {
   "category": "Dairy & Eggs",
   "subcategory": "Butter",
   "name": "Earth Balance Made with Olive Oil Buttery Spread",
   "price": "4.99",
   "description": "13 oz�",
   "image": "https://d2lnr5mha7bycj.cloudfront.net/product-image/file/large_c9246dab-5c8b-4f39-832f-9db28636ccb9.jpg",
   "Image 2": "",
   "Product Link": "https://www.instacart.com/store/items/4469832?source1=aisle&source2=962&source3=962&impressionId=e913a021-b375-4945-9622-bc20fe211136",
   "FIELD9": ""
 },
 {
   "category": "Dairy & Eggs",
   "subcategory": "Butter",
   "name": "Organic Valley Organic Salted Quarters Butter",
   "price": "6.99",
   "description": "16 oz�",
   "image": "https://d2lnr5mha7bycj.cloudfront.net/product-image/file/large_2004fed2-e409-4b5d-bfa3-34502228ce63.jpg",
   "Image 2": "",
   "Product Link": "https://www.instacart.com/store/items/4479474?source1=aisle&source2=962&source3=962&impressionId=8740ac76-bccd-421b-a5c4-df818d5f1c1f",
   "FIELD9": ""
 },
 {
   "category": "Dairy & Eggs",
   "subcategory": "Butter",
   "name": "Kerrygold Reduced Fat Irish Butter",
   "price": "4.39",
   "description": "8.0 oz�",
   "image": "https://d2lnr5mha7bycj.cloudfront.net/product-image/file/large_6ef9e72d-d05a-4758-b035-8bec075924a8.jpg",
   "Image 2": "",
   "Product Link": "https://www.instacart.com/store/items/4571072?source1=aisle&source2=962&source3=962&impressionId=e4c3d1c0-16db-4e99-b72d-e611f2115519",
   "FIELD9": ""
 },
 {
   "category": "Dairy & Eggs",
   "subcategory": "Butter",
   "name": "Plugra European Style Unsalted Butter",
   "price": "4.99",
   "description": "8.0 oz�",
   "image": "https://d2lnr5mha7bycj.cloudfront.net/product-image/file/large_b62d4828-813a-4d6b-a3f6-3d9d03b51347.jpg",
   "Image 2": "",
   "Product Link": "https://www.instacart.com/store/items/6432517?source1=aisle&source2=962&source3=962&impressionId=81f5e61f-6011-40ae-af1e-50b169770ad6",
   "FIELD9": ""
 },
 {
   "category": "Dairy & Eggs",
   "subcategory": "Butter",
   "name": "Earth Balance Organic Coconut Spread",
   "price": "4.99",
   "description": "10 oz�",
   "image": "https://d2lnr5mha7bycj.cloudfront.net/product-image/file/large_16a993f1-cbf2-45e9-9368-903e93db4a71.jpg",
   "Image 2": "",
   "Product Link": "https://www.instacart.com/store/items/4570469?source1=aisle&source2=962&source3=962&impressionId=f41c8b66-b487-4afb-85e5-502b3d211969",
   "FIELD9": ""
 },
 {
   "category": "Dairy & Eggs",
   "subcategory": "Butter",
   "name": "Vital Farms Alfresco Unsalted Butter, Pasture-Raised",
   "price": "4.39",
   "description": "8 oz�",
   "image": "https://d2lnr5mha7bycj.cloudfront.net/product-image/file/large_7bc36014-b148-4873-b7e7-e173402b996e.jpg",
   "Image 2": "",
   "Product Link": "https://www.instacart.com/store/items/27597192?source1=aisle&source2=962&source3=962&impressionId=ace7102b-3c24-49f9-b453-06d4b74c2172",
   "FIELD9": ""
 },
 {
   "category": "Dairy & Eggs",
   "subcategory": "Butter",
   "name": "Plugra European Style Butter Salted",
   "price": "4.99",
   "description": "8 oz�",
   "image": "https://d2lnr5mha7bycj.cloudfront.net/product-image/file/large_e765204b-f8ee-4cf6-ac71-8eddd9aa55ad.jpeg",
   "Image 2": "",
   "Product Link": "https://www.instacart.com/store/items/4477208?source1=aisle&source2=962&source3=962&impressionId=054ef832-a890-4def-bd29-3458c9070213",
   "FIELD9": ""
 },
 {
   "category": "Dairy & Eggs",
   "subcategory": "Other Creams & Cheeses",
   "name": "365 Whipped Cream Cheese",
   "price": "2.29",
   "description": "8 oz ",
   "image": "https://d2lnr5mha7bycj.cloudfront.net/product-image/file/large_774649e9-aba7-4e7c-9936-d4ec99890ffd.jpg",
   "Image 2": "",
   "Product Link": "https://www.instacart.com/store/items/4471007?source1=aisle&source2=4253&source3=4253&impressionId=c7b1b8b7-ceac-4f7d-99f3-4ae49b0922d6",
   "FIELD9": ""
 },
 {
   "category": "Dairy & Eggs",
   "subcategory": "Other Creams & Cheeses",
   "name": "365 Organic Sour Cream",
   "price": "2.99",
   "description": "16 oz ",
   "image": "https://d2lnr5mha7bycj.cloudfront.net/product-image/file/large_b6315ef5-5eaf-4c98-9d85-0475cac885e5.jpg",
   "Image 2": "",
   "Product Link": "https://www.instacart.com/store/items/4565455?source1=aisle&source2=4253&source3=4253&impressionId=0c02534e-5dd5-4a68-b0bc-58ed8bcff476",
   "FIELD9": ""
 },
 {
   "category": "Dairy & Eggs",
   "subcategory": "Other Creams & Cheeses",
   "name": "Organic Valley Half & Half",
   "price": "2.59",
   "description": "1 pt ",
   "image": "https://d2lnr5mha7bycj.cloudfront.net/product-image/file/large_6481dcde-1d25-4ed1-951e-ceef303dc758.jpg",
   "Image 2": "",
   "Product Link": "https://www.instacart.com/store/items/4479145?source1=aisle&source2=4253&source3=4253&impressionId=7b228a0f-6d36-4ef1-a8d1-a1f5c0c6182d",
   "FIELD9": ""
 },
 {
   "category": "Dairy & Eggs",
   "subcategory": "Other Creams & Cheeses",
   "name": "365 Organic Cream Cheese Bar",
   "price": "2.99",
   "description": "8 oz",
   "image": "https://d2lnr5mha7bycj.cloudfront.net/product-image/file/large_339cd105-f845-4071-bc87-26d024add53f.jpg",
   "Image 2": "",
   "Product Link": "https://www.instacart.com/store/items/4572183?source1=aisle&source2=4253&source3=4253&impressionId=200fbd08-dea4-4496-8739-4e9d00aa4f2b",
   "FIELD9": ""
 },
 {
   "category": "Dairy & Eggs",
   "subcategory": "Other Creams & Cheeses",
   "name": "365 Organic 1.5% Low Fat Cottage Cheese",
   "price": "3.99",
   "description": "16 oz ",
   "image": "https://d2lnr5mha7bycj.cloudfront.net/product-image/file/large_212e5b47-9714-41a4-a878-f28ac465aee8.jpg",
   "Image 2": "",
   "Product Link": "https://www.instacart.com/store/items/4565094?source1=aisle&source2=4253&source3=4253&impressionId=5f99cdb9-7d0f-47de-a373-22ed83849f95",
   "FIELD9": ""
 },
 {
   "category": "Dairy & Eggs",
   "subcategory": "Other Creams & Cheeses",
   "name": "365 Cream Cheese Spread",
   "price": "1.99",
   "description": "8 oz ",
   "image": "https://d2lnr5mha7bycj.cloudfront.net/product-image/file/large_6949c4d8-0c54-480b-ac28-a3523a550188.jpg",
   "Image 2": "",
   "Product Link": "https://www.instacart.com/store/items/4470891?source1=aisle&source2=4253&source3=4253&impressionId=2922bae0-2393-493a-92af-fba4e1aac6d9",
   "FIELD9": ""
 },
 {
   "category": "Dairy & Eggs",
   "subcategory": "Other Creams & Cheeses",
   "name": "365 Cream Cheese",
   "price": "1.89",
   "description": "8 oz ",
   "image": "https://d2lnr5mha7bycj.cloudfront.net/product-image/file/large_ef204ac1-a4b7-4b4c-bf47-09118e47c671.jpg",
   "Image 2": "",
   "Product Link": "https://www.instacart.com/store/items/22224800?source1=aisle&source2=4253&source3=4253&impressionId=6a0f1890-b7a7-410d-8b63-4ac1be8587b6",
   "FIELD9": ""
 },
 {
   "category": "Dairy & Eggs",
   "subcategory": "Other Creams & Cheeses",
   "name": "Organic Valley Cream Cheese Cream Cheese Spread",
   "price": "3.39",
   "description": "8 oz ",
   "image": "https://d2lnr5mha7bycj.cloudfront.net/product-image/file/large_a4bac397-e091-4062-98d8-71b66c653035.JPG",
   "Image 2": "",
   "Product Link": "https://www.instacart.com/store/items/4483406?source1=aisle&source2=4253&source3=4253&impressionId=b7a03cfc-b643-42ef-9d3a-e535dc3c07bf",
   "FIELD9": ""
 },
 {
   "category": "Dairy & Eggs",
   "subcategory": "Other Creams & Cheeses",
   "name": "365 Low Fat Sour Cream",
   "price": "2.99",
   "description": "16 oz",
   "image": "https://d2lnr5mha7bycj.cloudfront.net/product-image/file/large_570d33c3-65b1-4ff6-9d9d-bbc372b9b610.jpg",
   "Image 2": "",
   "Product Link": "https://www.instacart.com/store/items/4565233?source1=aisle&source2=4253&source3=4253&impressionId=5916778e-89b2-458a-8408-cd610f93377d",
   "FIELD9": ""
 },
 {
   "category": "Dairy & Eggs",
   "subcategory": "Other Creams & Cheeses",
   "name": "Boursin Garlic & Fine Herbs Gournay Cheese",
   "price": "4.99",
   "description": "5.2 oz ",
   "image": "https://d2lnr5mha7bycj.cloudfront.net/product-image/file/large_76f36010-9f50-4746-b200-c46fdb3b81e6.jpg",
   "Image 2": "",
   "Product Link": "https://www.instacart.com/store/items/21716543?source1=aisle&source2=4253&source3=4253&impressionId=2c072a82-e3e1-4147-8987-d2838b33af27",
   "FIELD9": ""
 },
 {
   "category": "Dairy & Eggs",
   "subcategory": "Other Creams & Cheeses",
   "name": "Horizon Organic Organic Small Curd Cottage Cheese",
   "price": "4.99",
   "description": "16 oz�",
   "image": "https://d2lnr5mha7bycj.cloudfront.net/product-image/file/large_6cadbcbc-0341-4b50-bc19-c5f9ade34370.jpg",
   "Image 2": "",
   "Product Link": "https://www.instacart.com/store/items/4582723?source1=aisle&source2=4253&source3=4253&impressionId=aa801871-0be5-4301-91b1-5e7a579fb87a",
   "FIELD9": ""
 },
 {
   "category": "Dairy & Eggs",
   "subcategory": "Other Creams & Cheeses",
   "name": "365 Whole Milk Ricotta Cheese",
   "price": "3.99",
   "description": "15 oz�",
   "image": "https://d2lnr5mha7bycj.cloudfront.net/product-image/file/large_ffffe3e9-20b2-4c3f-be2e-bdcc9de1700a.jpg",
   "Image 2": "",
   "Product Link": "https://www.instacart.com/store/items/47075396?source1=aisle&source2=4253&source3=4253&impressionId=cef3c508-fa37-49db-a0e9-bbcd89fb483d",
   "FIELD9": ""
 },
 {
   "category": "Dairy & Eggs",
   "subcategory": "Other Creams & Cheeses",
   "name": "Organic Valley Small Curd 4% Milkfat Cottage Cheese",
   "price": "5.49",
   "description": "16 oz�",
   "image": "https://d2lnr5mha7bycj.cloudfront.net/product-image/file/large_ba16ccae-92a2-4d32-aa20-d753f4ba6683.jpg",
   "Image 2": "",
   "Product Link": "https://www.instacart.com/store/items/4481115?source1=aisle&source2=4253&source3=4253&impressionId=4877a063-0705-46cf-b74d-80a0e53a88a0",
   "FIELD9": ""
 },
 {
   "category": "Dairy & Eggs",
   "subcategory": "Other Creams & Cheeses",
   "name": "Kite Hill Dairy-Free Chive Cream Cheese",
   "price": "5.99",
   "description": "8 oz�",
   "image": "https://d2lnr5mha7bycj.cloudfront.net/product-image/file/large_2edf91e5-9dd2-4eed-950e-186aa773f045.jpg",
   "Image 2": "",
   "Product Link": "https://www.instacart.com/store/items/11859698?source1=aisle&source2=4253&source3=4253&impressionId=979a8976-9a91-420b-8886-d7819f30af4a",
   "FIELD9": ""
 },
 {
   "category": "Dairy & Eggs",
   "subcategory": "Other Creams & Cheeses",
   "name": "Horizon Organic Lowfat Small Curd Cottage Cheese",
   "price": "4.99",
   "description": "16 oz�",
   "image": "https://d2lnr5mha7bycj.cloudfront.net/product-image/file/large_378042ad-1ffd-40b4-a72c-cf02a9f56a5c.jpg",
   "Image 2": "",
   "Product Link": "https://www.instacart.com/store/items/4570741?source1=aisle&source2=4253&source3=4253&impressionId=9e447c34-ffd9-439a-8255-5b936d206427",
   "FIELD9": ""
 },
 {
   "category": "Dairy & Eggs",
   "subcategory": "Other Creams & Cheeses",
   "name": "Organic Valley Lowfat Small Curd 2% Milkfat Cottage Cheese",
   "price": "5.49",
   "description": "16 oz�",
   "image": "https://d2lnr5mha7bycj.cloudfront.net/product-image/file/large_6b1164db-e275-4a58-9e31-6f4a6dd45b85.jpg",
   "Image 2": "",
   "Product Link": "https://www.instacart.com/store/items/4480969?source1=aisle&source2=4253&source3=4253&impressionId=7f25ebc8-c6dc-47d9-990a-61b77766028c",
   "FIELD9": ""
 },
 {
   "category": "Dairy & Eggs",
   "subcategory": "Other Creams & Cheeses",
   "name": "Organic Valley Sour Cream",
   "price": "3.99",
   "description": "16 oz�",
   "image": "https://d2lnr5mha7bycj.cloudfront.net/product-image/file/large_3bc45c50-3c99-4324-b472-9f344ca53c59.jpg",
   "Image 2": "",
   "Product Link": "https://www.instacart.com/store/items/4480783?source1=aisle&source2=4253&source3=4253&impressionId=dd4d5b5b-d0f4-478e-95ca-d92166096491",
   "FIELD9": ""
 },
 {
   "category": "Dairy & Eggs",
   "subcategory": "Other Creams & Cheeses",
   "name": "Kite Hill Plain Cream Cheese",
   "price": "5.99",
   "description": "8 oz�",
   "image": "https://d2lnr5mha7bycj.cloudfront.net/product-image/file/large_60874056-ab53-433a-9d18-e5315792ab52.jpg",
   "Image 2": "",
   "Product Link": "https://www.instacart.com/store/items/11859750?source1=aisle&source2=4253&source3=4253&impressionId=123587e1-4b1c-49c8-acf0-2ddf2bf8ed2f",
   "FIELD9": ""
 },
 {
   "category": "Dairy & Eggs",
   "subcategory": "Other Creams & Cheeses",
   "name": "Horizon Organic Sour Cream",
   "price": "3.99",
   "description": "16 oz�",
   "image": "https://d2lnr5mha7bycj.cloudfront.net/product-image/file/large_baf2260a-23b5-4144-885b-4878565c1361.jpg",
   "Image 2": "",
   "Product Link": "https://www.instacart.com/store/items/4571188?source1=aisle&source2=4253&source3=4253&impressionId=8e6cf0ff-4f16-4cd8-9eeb-2fe25773ca71",
   "FIELD9": ""
 },
 {
   "category": "Dairy & Eggs",
   "subcategory": "Other Creams & Cheeses",
   "name": "Good Culture Organic Cottage Cheese Classic",
   "price": "2.49",
   "description": "5.3 oz�",
   "image": "https://d2lnr5mha7bycj.cloudfront.net/product-image/file/large_ac0afe4a-35fa-4759-ab57-e3df9b66822f.jpg",
   "Image 2": "",
   "Product Link": "https://www.instacart.com/store/items/26849851?source1=aisle&source2=4253&source3=4253&impressionId=e122d230-c1c6-43e5-809c-4ac852503697",
   "FIELD9": ""
 },
 {
   "category": "Dairy & Eggs",
   "subcategory": "Soy & Lactose-Free",
   "name": "Nature's Dairy Free Creamer Nutpods Original Unsweetened",
   "price": "3.99",
   "description": "11.2 fl oz ",
   "image": "https://d2lnr5mha7bycj.cloudfront.net/product-image/file/large_d8ebbd03-4f32-4ff0-8856-48bec767db17.jpg",
   "Image 2": "",
   "Product Link": "https://www.instacart.com/store/items/28087325?source1=aisle&source2=564&source3=564&impressionId=5914f2b8-e64f-484e-84a0-d650e01a9e6f",
   "FIELD9": ""
 },
 {
   "category": "Dairy & Eggs",
   "subcategory": "Soy & Lactose-Free",
   "name": "365 Organic Coconut Milk",
   "price": "2",
   "description": "13.5 oz ",
   "image": "https://d2lnr5mha7bycj.cloudfront.net/product-image/file/large_011cfa67-7aa6-43d1-8b3a-43e752d825ce.jpg",
   "Image 2": "",
   "Product Link": "https://www.instacart.com/store/items/4486409?source1=aisle&source2=564&source3=564&impressionId=ba151bba-f612-40b5-bd52-0470378193a7",
   "FIELD9": ""
 },
 {
   "category": "Dairy & Eggs",
   "subcategory": "Soy & Lactose-Free",
   "name": "365 Organic Unsweetened Almond Milk",
   "price": "3.99",
   "description": "0.5 gal ",
   "image": "https://d2lnr5mha7bycj.cloudfront.net/product-image/file/large_16606938-08b7-40df-abac-e4840b95def5.jpg",
   "Image 2": "",
   "Product Link": "https://www.instacart.com/store/items/4567501?source1=aisle&source2=564&source3=564&impressionId=b19605fc-672c-4b1a-9d5d-757f7fb58d23",
   "FIELD9": ""
 },
 {
   "category": "Dairy & Eggs",
   "subcategory": "Soy & Lactose-Free",
   "name": "Califia Farms Unsweetened Almondmilk",
   "price": "4.99",
   "description": "48 oz ",
   "image": "https://d2lnr5mha7bycj.cloudfront.net/product-image/file/large_00d930bc-e9b5-4e77-911c-09eef211e995.jpg",
   "Image 2": "",
   "Product Link": "https://www.instacart.com/store/items/4540953?source1=aisle&source2=564&source3=564&impressionId=e230e23e-cb30-4360-90be-3005dd4c9ff1",
   "FIELD9": ""
 },
 {
   "category": "Dairy & Eggs",
   "subcategory": "Soy & Lactose-Free",
   "name": "365 Organic Unsweetened Almond Milk",
   "price": "2",
   "description": "32 fl oz ",
   "image": "https://d2lnr5mha7bycj.cloudfront.net/product-image/file/large_b754c411-f895-45f7-ab72-e267369c6e03.jpg",
   "Image 2": "",
   "Product Link": "https://www.instacart.com/store/items/4537956?source1=aisle&source2=564&source3=564&impressionId=50536441-cc27-4ab8-915c-3cc6e3d92a5f",
   "FIELD9": ""
 },
 {
   "category": "Dairy & Eggs",
   "subcategory": "Soy & Lactose-Free",
   "name": "365 Organic Unsweetened Vanilla Almond Milk",
   "price": "3.99",
   "description": "0.5 gal ",
   "image": "https://d2lnr5mha7bycj.cloudfront.net/product-image/file/large_e7929e1f-c6b6-4f54-9af3-706617169c02.jpg",
   "Image 2": "",
   "Product Link": "https://www.instacart.com/store/items/22217054?source1=aisle&source2=564&source3=564&impressionId=7a458f53-8cad-4d90-b30c-8197f5b806b4",
   "FIELD9": ""
 },
 {
   "category": "Dairy & Eggs",
   "subcategory": "Soy & Lactose-Free",
   "name": "Blue Diamond Almond Breeze Unsweetened Original Almondmilk Non Dairy Milk Alternative",
   "price": "3.49",
   "description": "64 fl oz ",
   "image": "https://d2lnr5mha7bycj.cloudfront.net/product-image/file/large_f067153e-0773-4823-a2c5-0aab97cc7bde.jpg",
   "Image 2": "",
   "Product Link": "https://www.instacart.com/store/items/4515762?source1=aisle&source2=564&source3=564&impressionId=99b9cd29-70d0-4cd9-918f-812249eb21a9",
   "FIELD9": ""
 },
 {
   "category": "Dairy & Eggs",
   "subcategory": "Soy & Lactose-Free",
   "name": "Blue Diamond Almond Breeze Unsweetened Vanilla Almondmilk",
   "price": "3.49",
   "description": "64 fl oz ",
   "image": "https://d2lnr5mha7bycj.cloudfront.net/product-image/file/large_3d70ce52-e543-431d-8eee-0ed420eed0e8.jpg",
   "Image 2": "",
   "Product Link": "https://www.instacart.com/store/items/4564486?source1=aisle&source2=564&source3=564&impressionId=2d5da9b1-cd46-4263-bed4-1a8a458e3a51",
   "FIELD9": ""
 },
 {
   "category": "Dairy & Eggs",
   "subcategory": "Soy & Lactose-Free",
   "name": "Califia Farms Unsweetened Vanilla Almondmilk",
   "price": "4.69",
   "description": "48 oz ",
   "image": "https://d2lnr5mha7bycj.cloudfront.net/product-image/file/large_d052b7d5-c8c9-42c8-ae9e-4b1960789a7a.jpg",
   "Image 2": "",
   "Product Link": "https://www.instacart.com/store/items/4499528?source1=aisle&source2=564&source3=564&impressionId=0f9b54fd-69d1-4bbe-a858-e5fc1e87c884",
   "FIELD9": ""
 },
 {
   "category": "Dairy & Eggs",
   "subcategory": "Soy & Lactose-Free",
   "name": "365 Organic Soymilk Unsweetened",
   "price": "2.99",
   "description": "64 fl oz",
   "image": "https://d2lnr5mha7bycj.cloudfront.net/product-image/file/large_b621bf72-38bc-46e1-8e17-ad597ab36973.jpg",
   "Image 2": "",
   "Product Link": "https://www.instacart.com/store/items/4470129?source1=aisle&source2=564&source3=564&impressionId=4f367969-32b6-4b08-be6b-c0f7cb99d384",
   "FIELD9": ""
 },
 {
   "category": "Dairy & Eggs",
   "subcategory": "Soy & Lactose-Free",
   "name": "365 Organic Original Almond Milk",
   "price": "3.99",
   "description": "0.5 gallon�",
   "image": "https://d2lnr5mha7bycj.cloudfront.net/product-image/file/large_9da49965-ce05-4eb8-b76d-840a545843ff.jpg",
   "Image 2": "",
   "Product Link": "https://www.instacart.com/store/items/4567752?source1=aisle&source2=564&source3=564&impressionId=c80acffc-1512-4774-95f8-3a8b2354667c",
   "FIELD9": ""
 },
 {
   "category": "Dairy & Eggs",
   "subcategory": "Soy & Lactose-Free",
   "name": "Califia Farms Original Almondmilk",
   "price": "4.99",
   "description": "48 oz�",
   "image": "https://d2lnr5mha7bycj.cloudfront.net/product-image/file/large_b68d7f16-b6bd-4e11-9918-453000169619.jpg",
   "Image 2": "",
   "Product Link": "https://www.instacart.com/store/items/4541193?source1=aisle&source2=564&source3=564&impressionId=19c21eac-d38b-4996-bfb7-5cb828ecae3b",
   "FIELD9": ""
 },
 {
   "category": "Dairy & Eggs",
   "subcategory": "Soy & Lactose-Free",
   "name": "Califia Farms Toasted Coconut Almondmilk",
   "price": "4.99",
   "description": "48 fl oz�",
   "image": "https://d2lnr5mha7bycj.cloudfront.net/product-image/file/large_34d1110e-f188-4843-ab20-8be5fd76f740.jpg",
   "Image 2": "",
   "Product Link": "https://www.instacart.com/store/items/4516848?source1=aisle&source2=564&source3=564&impressionId=09d4bd93-17d3-4c70-b4de-5cab7ac6e31c",
   "FIELD9": ""
 },
 {
   "category": "Dairy & Eggs",
   "subcategory": "Soy & Lactose-Free",
   "name": "365 Organic Original Soy Milk",
   "price": "2.99",
   "description": "64 fl oz�",
   "image": "https://d2lnr5mha7bycj.cloudfront.net/product-image/file/large_e828d2da-cf35-4070-8d00-3510aae44916.jpg",
   "Image 2": "",
   "Product Link": "https://www.instacart.com/store/items/4471992?source1=aisle&source2=564&source3=564&impressionId=a9ef6e23-1970-4286-b8d4-3942ec91b621",
   "FIELD9": ""
 },
 {
   "category": "Dairy & Eggs",
   "subcategory": "Soy & Lactose-Free",
   "name": "Califia Farms Pure Almondmilk, Vanilla",
   "price": "4.99",
   "description": "48 fl oz�",
   "image": "https://d2lnr5mha7bycj.cloudfront.net/product-image/file/large_53191d51-bbc2-4523-873d-7585eef0b777.jpg",
   "Image 2": "",
   "Product Link": "https://www.instacart.com/store/items/4541470?source1=aisle&source2=564&source3=564&impressionId=bbbd9ec0-a99e-400f-b396-45cf8088fda1",
   "FIELD9": ""
 },
 {
   "category": "Dairy & Eggs",
   "subcategory": "Soy & Lactose-Free",
   "name": "365 Organic Vanilla Almond Milk",
   "price": "3.99",
   "description": "64 fl oz��",
   "image": "https://d2lnr5mha7bycj.cloudfront.net/product-image/file/large_075e9dac-06a9-4082-b10b-28590169afc6.jpg",
   "Image 2": "",
   "Product Link": "https://www.instacart.com/store/items/4567635?source1=aisle&source2=564&source3=564&impressionId=3d80c4c9-f9e5-4dfc-b008-9df66cafe941",
   "FIELD9": ""
 },
 {
   "category": "Dairy & Eggs",
   "subcategory": "Soy & Lactose-Free",
   "name": "So Delicious Unsweetened Coconut Milk",
   "price": "2.99",
   "description": "32 fl oz�",
   "image": "https://d2lnr5mha7bycj.cloudfront.net/product-image/file/large_52dc1145-119b-4a69-916e-8557a10c66ff.jpg",
   "Image 2": "",
   "Product Link": "https://www.instacart.com/store/items/4528996?source1=aisle&source2=564&source3=564&impressionId=e9e31c42-d7b4-4e81-8646-2ac061565810",
   "FIELD9": ""
 },
 {
   "category": "Dairy & Eggs",
   "subcategory": "Soy & Lactose-Free",
   "name": "365 Organic Lite Coconut Milk",
   "price": "2",
   "description": "13.5 fl oz�",
   "image": "https://d2lnr5mha7bycj.cloudfront.net/product-image/file/large_73bae7a9-fd43-4761-ba38-2d8c569f64e0.jpg",
   "Image 2": "",
   "Product Link": "https://www.instacart.com/store/items/4486392?source1=aisle&source2=564&source3=564&impressionId=7d10a5b6-fa3e-41aa-abdb-c4f437b20279",
   "FIELD9": ""
 },
 {
   "category": "Dairy & Eggs",
   "subcategory": "Soy & Lactose-Free",
   "name": "Blue Diamond Almond Breeze Unsweetened Vanilla Almondmilk",
   "price": "2.19",
   "description": "32 oz�",
   "image": "https://d2lnr5mha7bycj.cloudfront.net/product-image/file/large_fb89528d-f600-4160-8471-a2c23ba61c74.jpg",
   "Image 2": "",
   "Product Link": "https://www.instacart.com/store/items/4478786?source1=aisle&source2=564&source3=564&impressionId=d8e84dfc-85e8-4c94-a631-f4059845e1c0",
   "FIELD9": ""
 },
 {
   "category": "Dairy & Eggs",
   "subcategory": "Soy & Lactose-Free",
   "name": "Lactaid 100% Lactose Free 2% Milkfat Reduced Fat Milk",
   "price": "4.49",
   "description": "2 x 64 ea�",
   "image": "https://d2lnr5mha7bycj.cloudfront.net/product-image/file/large_ca1d4b50-49a7-427e-8911-cdcef886a9ad.jpg",
   "Image 2": "",
   "Product Link": "https://www.instacart.com/store/items/4468552?source1=aisle&source2=564&source3=564&impressionId=4bfa8e6f-246a-4cd5-8594-96261dfda781",
   "FIELD9": ""
 },
 {
   "category": "Dairy & Eggs",
   "subcategory": "Refrigerated Pudding & Desserts",
   "name": "Zen Chocolate Pudding with Almondmilk - 4 CT",
   "price": "4.49",
   "description": "4 x 3.5 oz ",
   "image": "https://d2lnr5mha7bycj.cloudfront.net/product-image/file/large_f77ced96-2d96-46d3-9122-8ace6126c5b3.jpg",
   "Image 2": "",
   "Product Link": "https://www.instacart.com/store/items/21563155?source1=aisle&source2=602&source3=602&impressionId=291013c2-bf89-474f-8dc0-dd28284c54bf",
   "FIELD9": ""
 },
 {
   "category": "Dairy & Eggs",
   "subcategory": "Refrigerated Pudding & Desserts",
   "name": "365 Non-Fat Sugar-Free Whipped Topping",
   "price": "3.99",
   "description": "7 oz ",
   "image": "https://d2lnr5mha7bycj.cloudfront.net/product-image/file/large_185bd9f9-6b95-44b5-bc0f-1f9318768184.jpg",
   "Image 2": "",
   "Product Link": "https://www.instacart.com/store/items/4571153?source1=aisle&source2=602&source3=602&impressionId=06871337-91ce-4a4b-8566-1e3b8de6ac69",
   "FIELD9": ""
 },
 {
   "category": "Dairy & Eggs",
   "subcategory": "Refrigerated Pudding & Desserts",
   "name": "Cool Cups Gelatin Free Snacks Natural Black Cherry Gels - 4 CT",
   "price": "3.49",
   "description": "4 x 4.0 oz ",
   "image": "https://d2lnr5mha7bycj.cloudfront.net/product-image/file/large_d5762272-2627-453e-bd51-6d0caef0b350.jpg",
   "Image 2": "",
   "Product Link": "https://www.instacart.com/store/items/4556540?source1=aisle&source2=602&source3=602&impressionId=43838d55-c7c7-4dcc-a629-a2969a7fca4b",
   "FIELD9": ""
 },
 {
   "category": "Dairy & Eggs",
   "subcategory": "Refrigerated Pudding & Desserts",
   "name": "Hail Merry Dairy Free Gluten Free Chocolate Almond Butter Miracle Tart",
   "price": "3.99",
   "description": "3 oz ",
   "image": "https://d2lnr5mha7bycj.cloudfront.net/product-image/file/large_f99a7b7d-5139-42b9-8021-5b5a2bd82113.jpg",
   "Image 2": "",
   "Product Link": "https://www.instacart.com/store/items/4566123?source1=aisle&source2=602&source3=602&impressionId=fd9f7962-74ea-4cfe-92af-50588cd47828",
   "FIELD9": ""
 },
 {
   "category": "Dairy & Eggs",
   "subcategory": "Refrigerated Pudding & Desserts",
   "name": "Hail Merry Chocolate Miracle Tart",
   "price": "3.99",
   "description": "3 oz ",
   "image": "https://d2lnr5mha7bycj.cloudfront.net/product-image/file/large_e64764df-e551-4876-abc4-f64459f632cd.jpg",
   "Image 2": "",
   "Product Link": "https://www.instacart.com/store/items/4572058?source1=aisle&source2=602&source3=602&impressionId=3386c170-eb41-42da-a7d9-d8023bd7ab99",
   "FIELD9": ""
 },
 {
   "category": "Dairy & Eggs",
   "subcategory": "Refrigerated Pudding & Desserts",
   "name": "KozyShack Original Recipe Chocolate Pudding",
   "price": "4.49",
   "description": "22 oz ",
   "image": "https://d2lnr5mha7bycj.cloudfront.net/product-image/file/large_fd81f08c-9da1-41f8-b2a5-58af0c0bf6a9.jpg",
   "Image 2": "",
   "Product Link": "https://www.instacart.com/store/items/4488031?source1=aisle&source2=602&source3=602&impressionId=529498f7-e6af-4ddf-b80a-2fc20d0697c7",
   "FIELD9": ""
 },
 {
   "category": "Dairy & Eggs",
   "subcategory": "Refrigerated Pudding & Desserts",
   "name": "Cool Cups Gelatin Free Snacks Natural Orange Gels",
   "price": "3.49",
   "description": "4 x 4 oz ",
   "image": "https://d2lnr5mha7bycj.cloudfront.net/product-image/file/large_c0bdbab7-8add-47db-8045-2e456c170725.jpg",
   "Image 2": "",
   "Product Link": "https://www.instacart.com/store/items/4556866?source1=aisle&source2=602&source3=602&impressionId=0d9289f9-5ea3-4537-afe1-512b95d1ebe0",
   "FIELD9": ""
 },
 {
   "category": "Dairy & Eggs",
   "subcategory": "Refrigerated Pudding & Desserts",
   "name": "KozyShack Original Recipe Rice Pudding",
   "price": "4.49",
   "description": "22 oz ",
   "image": "https://d2lnr5mha7bycj.cloudfront.net/product-image/file/large_45e39cc0-4a70-4c81-85ce-25a5bea4a125.jpg",
   "Image 2": "",
   "Product Link": "https://www.instacart.com/store/items/4488068?source1=aisle&source2=602&source3=602&impressionId=c14d741e-e8aa-41ed-a7da-a60e1fd2dfc1",
   "FIELD9": ""
 },
 {
   "category": "Dairy & Eggs",
   "subcategory": "Refrigerated Pudding & Desserts",
   "name": "KozyShack Original Recipe Tapioca Pudding",
   "price": "4.49",
   "description": "22 oz",
   "image": "https://d2lnr5mha7bycj.cloudfront.net/product-image/file/large_00e5ff6c-106a-4b27-a98e-8bc1ee6268de.jpg",
   "Image 2": "",
   "Product Link": "https://www.instacart.com/store/items/4487996?source1=aisle&source2=602&source3=602&impressionId=e12d9e23-6eab-4996-9b69-0c4b62ad79c2",
   "FIELD9": ""
 },
 {
   "category": "Dairy & Eggs",
   "subcategory": "Refrigerated Pudding & Desserts",
   "name": "Hail Merry Coconut Vanilla Creme Miracle Tart",
   "price": "3.99",
   "description": "3 oz ",
   "image": "https://d2lnr5mha7bycj.cloudfront.net/product-image/file/large_769e11a4-782a-44b4-b469-a3883a16c7b4.jpg",
   "Image 2": "",
   "Product Link": "https://www.instacart.com/store/items/4522253?source1=aisle&source2=602&source3=602&impressionId=797698c0-dfb3-4e47-ae9a-27e7fcbd109a",
   "FIELD9": ""
 },
 {
   "category": "Dairy & Eggs",
   "subcategory": "Refrigerated Pudding & Desserts",
   "name": "European Gourmet Bakery European Gourmet Organics Vanilla Organic Cooked Pudding & Pie Filling Mix",
   "price": "2.69",
   "description": "3.8 oz�",
   "image": "https://d2lnr5mha7bycj.cloudfront.net/product-image/file/large_9fd14bd3-cbae-4a3c-bea7-61c30dc04abc.jpg",
   "Image 2": "",
   "Product Link": "https://www.instacart.com/store/items/14170982?source1=aisle&source2=602&source3=602&impressionId=4c79f13a-e245-4192-aa86-62662d27a2ed",
   "FIELD9": ""
 },
 {
   "category": "Dairy & Eggs",
   "subcategory": "Refrigerated Pudding & Desserts",
   "name": "Chuckanut Bay Foods New York Cheesecake",
   "price": "3.99",
   "description": "4 oz�",
   "image": "https://d2lnr5mha7bycj.cloudfront.net/product-image/file/large_ad9aba94-63ab-491f-b3bc-1d3a0ae0d1c2.jpg",
   "Image 2": "",
   "Product Link": "https://www.instacart.com/store/items/18447777?source1=aisle&source2=602&source3=602&impressionId=682927bc-e7b2-4262-ba04-146f8012edac",
   "FIELD9": ""
 },
 {
   "category": "Dairy & Eggs",
   "subcategory": "Refrigerated Pudding & Desserts",
   "name": "Olivia Superfree Gluten Free Chocolate Chip Cookie Dough Cupcakes",
   "price": "7.49",
   "description": "4 ct�",
   "image": "https://d2lnr5mha7bycj.cloudfront.net/product-image/file/large_50167a3c-f4bb-4faf-bbb9-7a53916b48a1.jpg",
   "Image 2": "",
   "Product Link": "https://www.instacart.com/store/items/4498457?source1=aisle&source2=602&source3=602&impressionId=79418ddd-ec3c-4fdb-8973-a60cd7ce30ad",
   "FIELD9": ""
 },
 {
   "category": "Dairy & Eggs",
   "subcategory": "Refrigerated Pudding & Desserts",
   "name": "Olivia Superfree Gluten Free Fudge Brownies",
   "price": "7.49",
   "description": "7 oz�",
   "image": "https://d2lnr5mha7bycj.cloudfront.net/product-image/file/large_134508df-ebcf-4e87-b5ac-54e5c0be5a78.jpg",
   "Image 2": "",
   "Product Link": "https://www.instacart.com/store/items/4498530?source1=aisle&source2=602&source3=602&impressionId=6043eeea-0ecd-4e2f-9143-4934954b21fc",
   "FIELD9": ""
 },
 {
   "category": "Dairy & Eggs",
   "subcategory": "Refrigerated Pudding & Desserts",
   "name": "Olivia Superfree Fudge Cupcakes with Raspberry Frosting",
   "price": "7.49",
   "description": "4 ct�",
   "image": "https://d2lnr5mha7bycj.cloudfront.net/product-image/file/large_b630cfb5-42f7-4b65-bc1c-20c7021de97b.jpg",
   "Image 2": "",
   "Product Link": "https://www.instacart.com/store/items/4498548?source1=aisle&source2=602&source3=602&impressionId=d941a2ab-4fa2-42b4-8b74-c594c39ee750",
   "FIELD9": ""
 },
 {
   "category": "Dairy & Eggs",
   "subcategory": "Refrigerated Pudding & Desserts",
   "name": "Little Rae's Bakery Yum Drops Shortbread Cookies",
   "price": "7.99",
   "description": "9 oz�",
   "image": "https://d2lnr5mha7bycj.cloudfront.net/product-image/file/large_ce4e2710-904e-476a-9117-054846c8c6b1.jpg",
   "Image 2": "",
   "Product Link": "https://www.instacart.com/store/items/8350644?source1=aisle&source2=602&source3=602&impressionId=9d03e5f8-9c1a-43a0-a17f-c09dde5825c4",
   "FIELD9": ""
 },
 {
   "category": "Dairy & Eggs",
   "subcategory": "Refrigerated Pudding & Desserts",
   "name": "Almetta Almond Milk Vanilla Mousse",
   "price": "3.99",
   "description": "2.8 oz�",
   "image": "https://d2guulkeunn7d8.cloudfront.net/assets/missing-item-0ca47424f272dd3909349f67e9661183.png",
   "Image 2": "",
   "Product Link": "https://www.instacart.com/store/items/32535804?source1=aisle&source2=602&source3=602&impressionId=684f65e2-8e38-42bd-9496-667f0f5c15f1",
   "FIELD9": ""
 },
 {
   "category": "Dairy & Eggs",
   "subcategory": "Refrigerated Pudding & Desserts",
   "name": "The Chia Co. Banana Yogurt",
   "price": "3.99",
   "description": "6.0 oz�",
   "image": "https://d2lnr5mha7bycj.cloudfront.net/product-image/file/large_0479c21a-170c-406f-9b74-63612ae09d86.jpg",
   "Image 2": "",
   "Product Link": "https://www.instacart.com/store/items/4514237?source1=aisle&source2=602&source3=602&impressionId=8f1e61ca-de9d-41b8-ad4d-144e60e85536",
   "FIELD9": ""
 },
 {
   "category": "Frozen",
   "subcategory": "Frozen Produce",
   "name": "365 Frozen Organic Wild Blueberries",
   "price": "10 oz ",
   "description": "10 oz ",
   "image": "https://d2lnr5mha7bycj.cloudfront.net/product-image/file/large_66a27ec6-2a8d-436a-aa43-52ec1febe24a.jpg",
   "Image 2": "",
   "Product Link": "https://www.instacart.com/store/items/4484836?source1=aisle&source2=572&source3=572&impressionId=2e8ccb42-b5d4-4918-bd8d-66c27d79ed5b",
   "FIELD9": ""
 },
 {
   "category": "Frozen",
   "subcategory": "Frozen Produce",
   "name": "365 Organic Petite Green Peas",
   "price": "2.99",
   "description": "16 oz ",
   "image": "https://d2lnr5mha7bycj.cloudfront.net/product-image/file/large_02148ae4-c761-4f21-94f3-0df0687a8eac.jpg",
   "Image 2": "",
   "Product Link": "https://www.instacart.com/store/items/4484230?source1=aisle&source2=572&source3=572&impressionId=78203d6b-3809-4a4b-a5f3-d6408c1e87ec",
   "FIELD9": ""
 },
 {
   "category": "Frozen",
   "subcategory": "Frozen Produce",
   "name": "365 Organic Broccoli Florets",
   "price": "2.79",
   "description": "16 oz ",
   "image": "https://d2lnr5mha7bycj.cloudfront.net/product-image/file/large_51e6d1f3-d3ec-4064-8227-3583254c661a.jpg",
   "Image 2": "",
   "Product Link": "https://www.instacart.com/store/items/22235675?source1=aisle&source2=572&source3=572&impressionId=90a0c95c-fc2c-407b-9bdb-58805a2ddab3",
   "FIELD9": ""
 },
 {
   "category": "Frozen",
   "subcategory": "Frozen Produce",
   "name": "365 Organic Whole Strawberries",
   "price": "2.99",
   "description": "10 oz ",
   "image": "https://d2lnr5mha7bycj.cloudfront.net/product-image/file/large_7874be3e-0cd9-4935-ab0c-2831309f6f13.jpg",
   "Image 2": "",
   "Product Link": "https://www.instacart.com/store/items/4484683?source1=aisle&source2=572&source3=572&impressionId=39d760d9-89f6-4e22-b8e5-2b837743f89a",
   "FIELD9": ""
 },
 {
   "category": "Frozen",
   "subcategory": "Frozen Produce",
   "name": "365 Pineapple Chunks",
   "price": "2.49",
   "description": "16 oz ",
   "image": "https://d2lnr5mha7bycj.cloudfront.net/product-image/file/large_a6f5d868-a154-42e7-a084-851fd9c314d5.jpg",
   "Image 2": "",
   "Product Link": "https://www.instacart.com/store/items/4483644?source1=aisle&source2=572&source3=572&impressionId=7685267f-7d05-46a4-9584-a119abee19a5",
   "FIELD9": ""
 },
 {
   "category": "Frozen",
   "subcategory": "Frozen Produce",
   "name": "365 Organic Green Peas",
   "price": "2.29",
   "description": "16 oz ",
   "image": "https://d2lnr5mha7bycj.cloudfront.net/product-image/file/large_af0a83f6-239d-48c6-815b-e4f8dc5a96a0.jpg",
   "Image 2": "",
   "Product Link": "https://www.instacart.com/store/items/4484340?source1=aisle&source2=572&source3=572&impressionId=535b2469-ccfc-4707-b72c-4ba07098b852",
   "FIELD9": ""
 },
 {
   "category": "Frozen",
   "subcategory": "Frozen Produce",
   "name": "365 Mango Chunks",
   "price": "3.29",
   "description": "16 oz ",
   "image": "https://d2lnr5mha7bycj.cloudfront.net/product-image/file/large_289196eb-1123-4611-9838-ad91d9cc507d.jpg",
   "Image 2": "",
   "Product Link": "https://www.instacart.com/store/items/4483697?source1=aisle&source2=572&source3=572&impressionId=00908adf-c713-49af-8c8c-a93968087b1f",
   "FIELD9": ""
 },
 {
   "category": "Frozen",
   "subcategory": "Frozen Produce",
   "name": "365 Broccoli Florets",
   "price": "1.69",
   "description": "16 oz ",
   "image": "https://d2lnr5mha7bycj.cloudfront.net/product-image/file/large_cf9ba863-9822-4180-aea2-ab03380e2fa9.jpg",
   "Image 2": "",
   "Product Link": "https://www.instacart.com/store/items/4572973?source1=aisle&source2=572&source3=572&impressionId=7ab55c1a-c05c-46de-af1d-4ca7403d35a5",
   "FIELD9": ""
 },
 {
   "category": "Frozen",
   "subcategory": "Frozen Produce",
   "name": "365 Organic Riced Cauliflower",
   "price": "2.49",
   "description": "12 oz ",
   "image": "https://d2lnr5mha7bycj.cloudfront.net/product-image/file/large_284dfad5-d5ba-4613-9640-739d10eba62c.jpg",
   "Image 2": "",
   "Product Link": "https://www.instacart.com/store/items/53319000?source1=aisle&source2=572&source3=572&impressionId=6e579b54-8828-4f08-b772-96074569a0ad",
   "FIELD9": ""
 },
 {
   "category": "Frozen",
   "subcategory": "Frozen Produce",
   "name": "365 Berry Medley",
   "price": "3.79",
   "description": "16 oz ",
   "image": "https://d2lnr5mha7bycj.cloudfront.net/product-image/file/large_81a07a52-3bda-4e65-b103-e6277ced0c84.jpg",
   "Image 2": "",
   "Product Link": "https://www.instacart.com/store/items/4485143?source1=aisle&source2=572&source3=572&impressionId=7dcc5e72-8816-4668-b7bb-06b2cc106d65",
   "FIELD9": ""
 },
 {
   "category": "Frozen",
   "subcategory": "Frozen Produce",
   "name": "365 Organic Sweet Yellow Corn",
   "price": "1.99",
   "description": "16 oz�",
   "image": "https://d2lnr5mha7bycj.cloudfront.net/product-image/file/large_73577c23-da9f-435c-8c09-952830bbab5f.jpg",
   "Image 2": "",
   "Product Link": "https://www.instacart.com/store/items/4484406?source1=aisle&source2=572&source3=572&impressionId=7a74d7c1-7958-4f60-bb99-b61529cc05a6",
   "FIELD9": ""
 },
 {
   "category": "Frozen",
   "subcategory": "Frozen Produce",
   "name": "365 Frozen Organic Cauliflower",
   "price": "2.49",
   "description": "16 oz�",
   "image": "https://d2lnr5mha7bycj.cloudfront.net/product-image/file/large_c94c2aab-508c-4baa-9417-b458a5b47521.jpg",
   "Image 2": "",
   "Product Link": "https://www.instacart.com/store/items/4504117?source1=aisle&source2=572&source3=572&impressionId=e76ee008-f404-4b68-99e9-41c9f97505d6",
   "FIELD9": ""
 },
 {
   "category": "Frozen",
   "subcategory": "Frozen Produce",
   "name": "365 Organic Blueberries",
   "price": "8.99",
   "description": "32 oz�",
   "image": "https://d2lnr5mha7bycj.cloudfront.net/product-image/file/large_3cd4a26b-c5b5-4888-a902-419cce2c9198.jpg",
   "Image 2": "",
   "Product Link": "https://www.instacart.com/store/items/24627318?source1=aisle&source2=572&source3=572&impressionId=bdd8e631-5a21-4646-9893-58fd76ea623d",
   "FIELD9": ""
 },
 {
   "category": "Frozen",
   "subcategory": "Frozen Produce",
   "name": "365 Organic Chopped Spinach",
   "price": "2.29",
   "description": "16 oz�",
   "image": "https://d2lnr5mha7bycj.cloudfront.net/product-image/file/large_469fc75c-696f-430e-aaa1-29657aacf5dc.jpg",
   "Image 2": "",
   "Product Link": "https://www.instacart.com/store/items/4510379?source1=aisle&source2=572&source3=572&impressionId=c6b81e3c-e085-4d11-8b1d-eae43a7fcd06",
   "FIELD9": ""
 },
 {
   "category": "Frozen",
   "subcategory": "Frozen Produce",
   "name": "365 Organic Sliced Peaches",
   "price": "3.49",
   "description": "10 oz�",
   "image": "https://d2lnr5mha7bycj.cloudfront.net/product-image/file/large_dc27e241-f2cb-47cc-87f9-1c2302dd248b.jpg",
   "Image 2": "",
   "Product Link": "https://www.instacart.com/store/items/4484490?source1=aisle&source2=572&source3=572&impressionId=876a516e-e4a3-4705-9f81-37e6d9d9e8f7",
   "FIELD9": ""
 },
 {
   "category": "Frozen",
   "subcategory": "Frozen Produce",
   "name": "365 Organic Mixed Vegetables",
   "price": "2.99",
   "description": "16 oz�",
   "image": "https://d2lnr5mha7bycj.cloudfront.net/product-image/file/large_f3d0d341-fe72-4303-81cd-e6cfcf4f1eb2.jpg",
   "Image 2": "",
   "Product Link": "https://www.instacart.com/store/items/4484300?source1=aisle&source2=572&source3=572&impressionId=a6f315be-f565-42dd-88ae-e931b46ea4dc",
   "FIELD9": ""
 },
 {
   "category": "Frozen",
   "subcategory": "Frozen Produce",
   "name": "365 Organic Raspberries",
   "price": "3.99",
   "description": "10 oz�",
   "image": "https://d2lnr5mha7bycj.cloudfront.net/product-image/file/large_18a87d33-70bb-46d7-bc68-063c7466edf9.jpg",
   "Image 2": "",
   "Product Link": "https://www.instacart.com/store/items/4484784?source1=aisle&source2=572&source3=572&impressionId=8ca79aed-229d-4a17-ba51-d0bf59e0872f",
   "FIELD9": ""
 },
 {
   "category": "Frozen",
   "subcategory": "Frozen Produce",
   "name": "365 Chopped Spinach",
   "price": "1.69",
   "description": "16 oz�",
   "image": "https://d2lnr5mha7bycj.cloudfront.net/product-image/file/large_9b06734e-46b9-4c65-b511-6373f6ca4f2a.jpg",
   "Image 2": "",
   "Product Link": "https://www.instacart.com/store/items/4537653?source1=aisle&source2=572&source3=572&impressionId=023bf59d-3944-4077-9668-ea49091f7c74",
   "FIELD9": ""
 },
 {
   "category": "Frozen",
   "subcategory": "Frozen Produce",
   "name": "365 Blueberries",
   "price": "2.99",
   "description": "12 oz�",
   "image": "https://d2lnr5mha7bycj.cloudfront.net/product-image/file/large_5ce0ed2e-9b64-4162-9935-fb19ae8662a7.jpg",
   "Image 2": "",
   "Product Link": "https://www.instacart.com/store/items/4492563?source1=aisle&source2=572&source3=572&impressionId=bae33f5d-c7b0-4974-8cdd-144dd3a885e6",
   "FIELD9": ""
 },
 {
   "category": "Frozen",
   "subcategory": "Frozen Produce",
   "name": "365 Organic Peas & Carrots No Salt Added",
   "price": "2.99",
   "description": "16 oz�",
   "image": "https://d2lnr5mha7bycj.cloudfront.net/product-image/file/large_3cfb898c-507b-40fe-ac6b-708543dc5fc6.jpg",
   "Image 2": "",
   "Product Link": "https://www.instacart.com/store/items/4483847?source1=aisle&source2=572&source3=572&impressionId=74a97319-c010-4d23-af36-925986aefc0e",
   "FIELD9": ""
 },
 {
   "category": "Frozen",
   "subcategory": "Frozen Breakfast",
   "name": "Dr. Praeger's Asian Veggie Burgers - 4 CT",
   "price": "4.49",
   "description": "12 oz ",
   "image": "https://d2lnr5mha7bycj.cloudfront.net/product-image/file/large_e6636af4-b232-4620-bae4-6cdb9a5f1ce9.jpg",
   "Image 2": "",
   "Product Link": "https://www.instacart.com/store/items/4486670?source1=aisle&source2=571&source3=571&impressionId=67f487ed-b507-4b18-8208-7e343434edac",
   "FIELD9": ""
 },
 {
   "category": "Frozen",
   "subcategory": "Frozen Breakfast",
   "name": "365 Organic Multigrain Waffles 6 Count",
   "price": "3.49",
   "description": "7.4 oz ",
   "image": "https://d2lnr5mha7bycj.cloudfront.net/product-image/file/large_1647ff20-7733-4616-8ce8-c55df7c87637.jpg",
   "Image 2": "",
   "Product Link": "https://www.instacart.com/store/items/4516411?source1=aisle&source2=571&source3=571&impressionId=b1029c63-8de0-41cc-909f-197924c23a37",
   "FIELD9": ""
 },
 {
   "category": "Frozen",
   "subcategory": "Frozen Breakfast",
   "name": "365 Organic Homestyle Waffles 6 Count",
   "price": "3.49",
   "description": "7.4 oz ",
   "image": "https://d2lnr5mha7bycj.cloudfront.net/product-image/file/large_2c2bd41f-87bb-4441-929c-293483e8cd6f.jpg",
   "Image 2": "",
   "Product Link": "https://www.instacart.com/store/items/4533290?source1=aisle&source2=571&source3=571&impressionId=5844f3a9-72a4-4c53-b985-12e1f55f9443",
   "FIELD9": ""
 },
 {
   "category": "Frozen",
   "subcategory": "Frozen Breakfast",
   "name": "Applegate Natural Chicken & Sage Breakfast Sausage",
   "price": "4.99",
   "description": "7 oz ",
   "image": "https://d2lnr5mha7bycj.cloudfront.net/product-image/file/large_03633098-feaf-4eec-b471-232fc3cc8dfd.jpg",
   "Image 2": "",
   "Product Link": "https://www.instacart.com/store/items/12280688?source1=aisle&source2=571&source3=571&impressionId=d5fc54b4-60f5-4965-97ec-38086a0e8b53",
   "FIELD9": ""
 },
 {
   "category": "Frozen",
   "subcategory": "Frozen Breakfast",
   "name": "365 Shredded Hash Browns",
   "price": "1.99",
   "description": "16 oz ",
   "image": "https://d2lnr5mha7bycj.cloudfront.net/product-image/file/large_2cb1e2e0-3318-41a7-8195-27946d8ed18b.jpg",
   "Image 2": "",
   "Product Link": "https://www.instacart.com/store/items/4483766?source1=aisle&source2=571&source3=571&impressionId=314789a6-3bf1-471e-9ceb-db6272ee0c6c",
   "FIELD9": ""
 },
 {
   "category": "Frozen",
   "subcategory": "Frozen Breakfast",
   "name": "365 Organic Mini Homestyle Waffles",
   "price": "3.49",
   "description": "9 oz ",
   "image": "https://d2lnr5mha7bycj.cloudfront.net/product-image/file/large_545de899-eae9-4210-a16c-b90a67339df2.jpg",
   "Image 2": "",
   "Product Link": "https://www.instacart.com/store/items/24737741?source1=aisle&source2=571&source3=571&impressionId=99707661-6a77-48d9-abc4-57f6b224b9f9",
   "FIELD9": ""
 },
 {
   "category": "Frozen",
   "subcategory": "Frozen Breakfast",
   "name": "365 Organic Blueberry Waffles",
   "price": "3.49",
   "description": "7.4 oz ",
   "image": "https://d2lnr5mha7bycj.cloudfront.net/product-image/file/large_c2812697-3a4f-4ec6-aca7-30019ef57e48.jpg",
   "Image 2": "",
   "Product Link": "https://www.instacart.com/store/items/4533117?source1=aisle&source2=571&source3=571&impressionId=b2d0bf79-c215-46d7-acbc-6f89bb9365fe",
   "FIELD9": ""
 },
 {
   "category": "Frozen",
   "subcategory": "Frozen Breakfast",
   "name": "365 Organic Mini Pancakes",
   "price": "3.49",
   "description": "14.1 oz ",
   "image": "https://d2lnr5mha7bycj.cloudfront.net/product-image/file/large_31084b30-a62e-44f7-ad87-b93ddfcf5a05.jpg",
   "Image 2": "",
   "Product Link": "https://www.instacart.com/store/items/4516196?source1=aisle&source2=571&source3=571&impressionId=24b6c49a-8f73-4fb5-a9d0-958c9446c916",
   "FIELD9": ""
 },
 {
   "category": "Frozen",
   "subcategory": "Frozen Breakfast",
   "name": "365 Organic Blueberry Mini Waffles",
   "price": "3.49",
   "description": "9 oz ",
   "image": "https://d2lnr5mha7bycj.cloudfront.net/product-image/file/large_c3dafffb-83db-405e-95aa-59e8611e822b.jpg",
   "Image 2": "",
   "Product Link": "https://www.instacart.com/store/items/22994476?source1=aisle&source2=571&source3=571&impressionId=ee939f39-e10a-42d3-9ad9-3b0e7c57e72f",
   "FIELD9": ""
 },
 {
   "category": "Frozen",
   "subcategory": "Frozen Breakfast",
   "name": "365 Organic Apple Cinnamon Mini Waffles",
   "price": "3.49",
   "description": "9 oz ",
   "image": "https://d2lnr5mha7bycj.cloudfront.net/product-image/file/large_1fa3d9a6-aec1-436b-93f9-e18bff8ab4a4.jpg",
   "Image 2": "",
   "Product Link": "https://www.instacart.com/store/items/4516236?source1=aisle&source2=571&source3=571&impressionId=8b48a2fc-1fbb-4c74-91f6-209f1e6498e3",
   "FIELD9": ""
 },
 {
   "category": "Frozen",
   "subcategory": "Frozen Breakfast",
   "name": "Applegate Natural Classic Pork Breakfast Sausage",
   "price": "4.99",
   "description": "7oz�",
   "image": "https://d2lnr5mha7bycj.cloudfront.net/product-image/file/large_979f6845-6e17-4ce7-84a4-bc0dbad6ee4a.jpg",
   "Image 2": "",
   "Product Link": "https://www.instacart.com/store/items/4504215?source1=aisle&source2=571&source3=571&impressionId=6a810249-1588-4169-8c83-f966c6769561",
   "FIELD9": ""
 },
 {
   "category": "Frozen",
   "subcategory": "Frozen Breakfast",
   "name": "Van's Wheat & Gluten Free Waffles",
   "price": "3.79",
   "description": "6 ct�",
   "image": "https://d2lnr5mha7bycj.cloudfront.net/product-image/file/large_ebb2815b-628f-47b8-bb11-bbacc7b15b5f.jpg",
   "Image 2": "",
   "Product Link": "https://www.instacart.com/store/items/4485946?source1=aisle&source2=571&source3=571&impressionId=cd13b8f6-4db0-4101-aa42-675c61225430",
   "FIELD9": ""
 },
 {
   "category": "Frozen",
   "subcategory": "Frozen Breakfast",
   "name": "Van's Wheat Gluten Free Blueberry Waffles",
   "price": "3.79",
   "description": "6 ct�",
   "image": "https://d2lnr5mha7bycj.cloudfront.net/product-image/file/large_2508afe9-9318-4ec2-8ab9-e5d3c0d19372.jpg",
   "Image 2": "",
   "Product Link": "https://www.instacart.com/store/items/4485724?source1=aisle&source2=571&source3=571&impressionId=0bb02087-972e-44ec-b106-5b9606c06f67",
   "FIELD9": ""
 },
 {
   "category": "Frozen",
   "subcategory": "Frozen Breakfast",
   "name": "365 Homestyle Waffles 24 Count",
   "price": "4.99",
   "description": "29.6 oz�",
   "image": "https://d2lnr5mha7bycj.cloudfront.net/product-image/file/large_54c1d472-12b4-4331-9b4a-652172c5abb5.jpg",
   "Image 2": "",
   "Product Link": "https://www.instacart.com/store/items/26849860?source1=aisle&source2=571&source3=571&impressionId=11b10ae3-46ba-4f30-8409-245808e951a3",
   "FIELD9": ""
 },
 {
   "category": "Frozen",
   "subcategory": "Frozen Breakfast",
   "name": "365 Organic French Toaster Sticks",
   "price": "3.49",
   "description": "12.7 oz�",
   "image": "https://d2lnr5mha7bycj.cloudfront.net/product-image/file/large_e254de79-8cb2-4717-a1e5-1486dd2ec2df.jpg",
   "Image 2": "",
   "Product Link": "https://www.instacart.com/store/items/4516364?source1=aisle&source2=571&source3=571&impressionId=cdca9d44-b0cd-42cb-8dd4-3369f080325a",
   "FIELD9": ""
 },
 {
   "category": "Frozen",
   "subcategory": "Frozen Breakfast",
   "name": "Earth's Best Organic Mini Waffles Homestyle - 32 CT",
   "price": "3.99",
   "description": "9.0 oz�",
   "image": "https://d2lnr5mha7bycj.cloudfront.net/product-image/file/large_8c17bc4c-7478-43f3-8a74-587340d1b4c9.jpg",
   "Image 2": "",
   "Product Link": "https://www.instacart.com/store/items/18818136?source1=aisle&source2=571&source3=571&impressionId=ea0da1b0-da42-41df-b495-9299a96b1d51",
   "FIELD9": ""
 },
 {
   "category": "Frozen",
   "subcategory": "Frozen Breakfast",
   "name": "365 Organic Flax Waffles 6 Count",
   "price": "3.49",
   "description": "7.4 oz�",
   "image": "https://d2lnr5mha7bycj.cloudfront.net/product-image/file/large_494fa9bc-7b42-438c-bbd4-dd1544e7638b.jpg",
   "Image 2": "",
   "Product Link": "https://www.instacart.com/store/items/4482784?source1=aisle&source2=571&source3=571&impressionId=a4b27545-142c-4540-9b93-93026f4ecc34",
   "FIELD9": ""
 },
 {
   "category": "Frozen",
   "subcategory": "Frozen Breakfast",
   "name": "Earth's Best Organic Mini Waffles Blueberry - 32 CT",
   "price": "3.99",
   "description": "9 oz�",
   "image": "https://d2lnr5mha7bycj.cloudfront.net/product-image/file/large_3363fa20-2d41-4668-9006-f35796c49be6.jpg",
   "Image 2": "",
   "Product Link": "https://www.instacart.com/store/items/21675198?source1=aisle&source2=571&source3=571&impressionId=469d2905-984d-4177-bc35-6d1ee1aa2946",
   "FIELD9": ""
 },
 {
   "category": "Frozen",
   "subcategory": "Frozen Breakfast",
   "name": "Nature's Path Organic Waffles Pumpkin Spice - 6 CT",
   "price": "3.99",
   "description": "6.0 ct�",
   "image": "https://d2lnr5mha7bycj.cloudfront.net/product-image/file/large_93a9c160-f854-4fbd-9069-95e3c3552dc3.jpg",
   "Image 2": "",
   "Product Link": "https://www.instacart.com/store/items/4502746?source1=aisle&source2=571&source3=571&impressionId=58efcf46-3b6a-4a55-aaa3-82873c6c6b86",
   "FIELD9": ""
 },
 {
   "category": "Frozen",
   "subcategory": "Frozen Breakfast",
   "name": "Nature's Path Organic Organic Gluten Free & Wheat Free Homestyle Waffles",
   "price": "3.99",
   "description": "6 ct�",
   "image": "https://d2lnr5mha7bycj.cloudfront.net/product-image/file/large_283700c7-decb-4ea8-89c7-8024104a048c.jpg",
   "Image 2": "",
   "Product Link": "https://www.instacart.com/store/items/4565889?source1=aisle&source2=571&source3=571&impressionId=f7fbf6b9-9c2d-4271-a8bb-55189390fc83",
   "FIELD9": ""
 },
 {
   "category": "Frozen",
   "subcategory": "Frozen Appetizers & Sides",
   "name": "Annie's Homegrown Pizza Poppers, Three Cheese",
   "price": "3.99",
   "description": "11 ct ",
   "image": "https://d2lnr5mha7bycj.cloudfront.net/product-image/file/large_6558c737-65d0-4cb3-8254-7bd3eb3ef005.JPG",
   "Image 2": "",
   "Product Link": "https://www.instacart.com/store/items/27802695?source1=aisle&source2=575&source3=575&impressionId=0c505d7e-5880-4d86-840f-78597ed116da",
   "FIELD9": ""
 },
 {
   "category": "Frozen",
   "subcategory": "Frozen Appetizers & Sides",
   "name": "Annie's Homegrown Uncured Pepperoni Mini Pizza Bagels Frozen Snacks",
   "price": "5.49",
   "description": "6.65 oz ",
   "image": "https://d2lnr5mha7bycj.cloudfront.net/product-image/file/large_25063440-f3b4-4c4f-a2b2-9dbad4cf88d5.jpg",
   "Image 2": "",
   "Product Link": "https://www.instacart.com/store/items/27661076?source1=aisle&source2=575&source3=575&impressionId=9524c5d4-999b-4b6a-b6bd-705031e860b8",
   "FIELD9": ""
 },
 {
   "category": "Frozen",
   "subcategory": "Frozen Appetizers & Sides",
   "name": "Brazi Bites Brazilian Cheese Bread Cheddar & Parmesan",
   "price": "5.99",
   "description": "11.5oz ",
   "image": "https://d2lnr5mha7bycj.cloudfront.net/product-image/file/large_a6d397d0-201f-4dab-82f0-ae60bb741027.jpg",
   "Image 2": "",
   "Product Link": "https://www.instacart.com/store/items/4519223?source1=aisle&source2=575&source3=575&impressionId=b26553a1-8693-42a2-aec1-c1d068216a3c",
   "FIELD9": ""
 },
 {
   "category": "Frozen",
   "subcategory": "Frozen Appetizers & Sides",
   "name": "365 Organic Brown Rice",
   "price": "3.49",
   "description": "20 oz ",
   "image": "https://d2lnr5mha7bycj.cloudfront.net/product-image/file/large_2d04e962-72a2-4056-bf17-b20d6f77e0d1.jpg",
   "Image 2": "",
   "Product Link": "https://www.instacart.com/store/items/4482336?source1=aisle&source2=575&source3=575&impressionId=ce1a1c70-4856-4314-b1bd-7a9aa59b32ba",
   "FIELD9": ""
 },
 {
   "category": "Frozen",
   "subcategory": "Frozen Appetizers & Sides",
   "name": "365 Organic Shoestring French Fries",
   "price": "2.99",
   "description": "16 oz ",
   "image": "https://d2lnr5mha7bycj.cloudfront.net/product-image/file/large_f268f815-4e11-46a9-bcc3-58eb39d5d627.jpg",
   "Image 2": "",
   "Product Link": "https://www.instacart.com/store/items/4484179?source1=aisle&source2=575&source3=575&impressionId=801c69b3-f7c2-4843-9b01-ad2f7fd5e80a",
   "FIELD9": ""
 },
 {
   "category": "Frozen",
   "subcategory": "Frozen Appetizers & Sides",
   "name": "365 Organic White Quinoa",
   "price": "4.99",
   "description": "12 oz ",
   "image": "https://d2lnr5mha7bycj.cloudfront.net/product-image/file/large_ce95df46-bedd-4dd5-ad69-c9f3b464d21a.jpg",
   "Image 2": "",
   "Product Link": "https://www.instacart.com/store/items/27597247?source1=aisle&source2=575&source3=575&impressionId=7e258b33-cf1d-4058-a4be-7d5c598bfc7d",
   "FIELD9": ""
 },
 {
   "category": "Frozen",
   "subcategory": "Frozen Appetizers & Sides",
   "name": "365 Chicken Taquitos",
   "price": "5.99",
   "description": "10 x 1.5 oz ",
   "image": "https://d2lnr5mha7bycj.cloudfront.net/product-image/file/large_d5536f22-b900-4afa-93d3-6796d1dbaf52.jpg",
   "Image 2": "",
   "Product Link": "https://www.instacart.com/store/items/22318221?source1=aisle&source2=575&source3=575&impressionId=236b9517-ba8d-4a8b-9898-4819a438a317",
   "FIELD9": ""
 },
 {
   "category": "Frozen",
   "subcategory": "Frozen Appetizers & Sides",
   "name": "365 Organic Tater Puffs",
   "price": "2.99",
   "description": "16 oz ",
   "image": "https://d2lnr5mha7bycj.cloudfront.net/product-image/file/large_6bccc906-2802-4ad9-9837-3f396986121d.jpg",
   "Image 2": "",
   "Product Link": "https://www.instacart.com/store/items/4481411?source1=aisle&source2=575&source3=575&impressionId=fdb439bd-a86f-4bbd-96bd-dadc5d84a120",
   "FIELD9": ""
 },
 {
   "category": "Frozen",
   "subcategory": "Frozen Appetizers & Sides",
   "name": "Amy's Cheese Pizza Snacks",
   "price": "4.99",
   "description": "6 oz ",
   "image": "https://d2lnr5mha7bycj.cloudfront.net/product-image/file/large_16f017aa-a003-4319-845f-9855ccee7932.jpg",
   "Image 2": "",
   "Product Link": "https://www.instacart.com/store/items/4487685?source1=aisle&source2=575&source3=575&impressionId=f74969f3-207d-4c4a-b50c-4459e6167c2c",
   "FIELD9": ""
 },
 {
   "category": "Frozen",
   "subcategory": "Frozen Appetizers & Sides",
   "name": "365 Crinkle Cut Sweet Potato Fries",
   "price": "3.49",
   "description": "20 oz ",
   "image": "https://d2lnr5mha7bycj.cloudfront.net/product-image/file/large_c640e372-26b4-465f-9473-319e70e06358.jpg",
   "Image 2": "",
   "Product Link": "https://www.instacart.com/store/items/4590982?source1=aisle&source2=575&source3=575&impressionId=0c414b2b-247f-49d4-ae37-e2eea0e9a77f",
   "FIELD9": ""
 },
 {
   "category": "Frozen",
   "subcategory": "Frozen Appetizers & Sides",
   "name": "Alexia Organic Gold Potatoes with Seasoned Salt Hashed Browns",
   "price": "3.69",
   "description": "16 oz�",
   "image": "https://d2lnr5mha7bycj.cloudfront.net/product-image/file/large_e4ba1518-b9f9-4e09-bab8-0a3692f411d2.png",
   "Image 2": "",
   "Product Link": "https://www.instacart.com/store/items/4571714?source1=aisle&source2=575&source3=575&impressionId=d35c7420-bdb0-4938-9948-8b569aeee345",
   "FIELD9": ""
 },
 {
   "category": "Frozen",
   "subcategory": "Frozen Appetizers & Sides",
   "name": "Earth's Best Kidz Baked Chicken Nuggets Value Bag",
   "price": "7.99",
   "description": "16 oz�",
   "image": "https://d2lnr5mha7bycj.cloudfront.net/product-image/file/large_21c5e60b-c202-474b-8a5d-eb31f591914a.jpg",
   "Image 2": "",
   "Product Link": "https://www.instacart.com/store/items/4562307?source1=aisle&source2=575&source3=575&impressionId=3552e832-03e4-47eb-95e3-6a1a3bb6b6d4",
   "FIELD9": ""
 },
 {
   "category": "Frozen",
   "subcategory": "Frozen Appetizers & Sides",
   "name": "365 Organic Mozzarella Cheese Sticks",
   "price": "4.99",
   "description": "8 oz�",
   "image": "https://d2lnr5mha7bycj.cloudfront.net/product-image/file/large_bcbee328-ac6b-45a8-8744-d7fdb5e1a8be.jpg",
   "Image 2": "",
   "Product Link": "https://www.instacart.com/store/items/21649913?source1=aisle&source2=575&source3=575&impressionId=8a59fac8-12c3-4a7a-a2ca-ce9242c556b2",
   "FIELD9": ""
 },
 {
   "category": "Frozen",
   "subcategory": "Frozen Appetizers & Sides",
   "name": "Alexia Sweet Potato Fries with Sea Salt",
   "price": "3.69",
   "description": "15.0 oz�",
   "image": "https://d2lnr5mha7bycj.cloudfront.net/product-image/file/large_8a4005b6-522c-418e-ba90-b0ff46a6fbc3.png",
   "Image 2": "",
   "Product Link": "https://www.instacart.com/store/items/4571837?source1=aisle&source2=575&source3=575&impressionId=595a8e83-9043-4289-b432-1ad693fe332b",
   "FIELD9": ""
 },
 {
   "category": "Frozen",
   "subcategory": "Frozen Appetizers & Sides",
   "name": "365 Crinkle Cut French Fries",
   "price": "2.99",
   "description": "32 oz�",
   "image": "https://d2lnr5mha7bycj.cloudfront.net/product-image/file/large_a471ec48-f333-441e-8562-f708b84e43b9.jpg",
   "Image 2": "",
   "Product Link": "https://www.instacart.com/store/items/4485358?source1=aisle&source2=575&source3=575&impressionId=e5d07fc4-2597-4649-86f1-847dbef6215d",
   "FIELD9": ""
 },
 {
   "category": "Frozen",
   "subcategory": "Frozen Appetizers & Sides",
   "name": "Alexia Organic Yukon Select Fries",
   "price": "3.69",
   "description": "15 oz�",
   "image": "https://d2lnr5mha7bycj.cloudfront.net/product-image/file/large_4eb23622-8070-4cac-9d3c-9e09aecb06d4.jpg",
   "Image 2": "",
   "Product Link": "https://www.instacart.com/store/items/4571947?source1=aisle&source2=575&source3=575&impressionId=de64d934-616d-483a-b9c7-ed28fff8ec5c",
   "FIELD9": ""
 },
 {
   "category": "Frozen",
   "subcategory": "Frozen Appetizers & Sides",
   "name": "Whole Foods Market Potato & Pea Samosas",
   "price": "2.99",
   "description": "7.5 oz�",
   "image": "https://d2lnr5mha7bycj.cloudfront.net/product-image/file/large_a0f08291-793e-4c8a-babc-919020e07430.jpg",
   "Image 2": "",
   "Product Link": "https://www.instacart.com/store/items/4515901?source1=aisle&source2=575&source3=575&impressionId=9f0039fc-2203-438b-829c-d8a157500291",
   "FIELD9": ""
 },
 {
   "category": "Frozen",
   "subcategory": "Frozen Appetizers & Sides",
   "name": "Whole Foods Market Spinach & Cheese Spanakopita",
   "price": "5.49",
   "description": "12 oz�",
   "image": "https://d2lnr5mha7bycj.cloudfront.net/product-image/file/large_5e26875b-ad15-4473-810a-62dd8acf6723.jpg",
   "Image 2": "",
   "Product Link": "https://www.instacart.com/store/items/4531742?source1=aisle&source2=575&source3=575&impressionId=fac8227b-1cc7-4abe-b15b-a2ecc13e60e4",
   "FIELD9": ""
 },
 {
   "category": "Frozen",
   "subcategory": "Frozen Appetizers & Sides",
   "name": "365 Tater Puffs",
   "price": "2.99",
   "description": "32 oz�",
   "image": "https://d2lnr5mha7bycj.cloudfront.net/product-image/file/large_05e4a42e-7f51-4799-ba59-977565735646.jpg",
   "Image 2": "",
   "Product Link": "https://www.instacart.com/store/items/4485294?source1=aisle&source2=575&source3=575&impressionId=b606e0a2-716f-4b60-afed-4fc291ecfc88",
   "FIELD9": ""
 },
 {
   "category": "Frozen",
   "subcategory": "Frozen Appetizers & Sides",
   "name": "Whole Foods Market Bean & Cheese Burrito",
   "price": "1.99",
   "description": "6 oz�",
   "image": "https://d2lnr5mha7bycj.cloudfront.net/product-image/file/large_245bbbfb-9e15-4e19-9fc1-f337d82b6912.jpg",
   "Image 2": "",
   "Product Link": "https://www.instacart.com/store/items/4513814?source1=aisle&source2=575&source3=575&impressionId=4dc3787c-0541-4668-b4d4-c2306e653982",
   "FIELD9": ""
 },
 {
   "category": "Frozen",
   "subcategory": "Frozen Meals",
   "name": "Annie's Homegrown Uncured Pepperoni Pizza Poppers Frozen Snacks",
   "price": "3.99",
   "description": "5 oz ",
   "image": "https://d2lnr5mha7bycj.cloudfront.net/product-image/file/large_98ccdd6d-4c38-4ffa-bcfc-62e7bea5d27e.JPG",
   "Image 2": "",
   "Product Link": "https://www.instacart.com/store/items/27779057?source1=aisle&source2=1344&source3=1344&impressionId=7de77441-d86b-47ee-9b1d-721bcf6e3f38",
   "FIELD9": ""
 },
 {
   "category": "Frozen",
   "subcategory": "Frozen Meals",
   "name": "365 Organic Brown Rice",
   "price": "3.49",
   "description": "20 oz ",
   "image": "https://d2lnr5mha7bycj.cloudfront.net/product-image/file/large_2d04e962-72a2-4056-bf17-b20d6f77e0d1.jpg",
   "Image 2": "",
   "Product Link": "https://www.instacart.com/store/items/4482336?source1=aisle&source2=1344&source3=1344&impressionId=d6e29e09-f210-4cff-b3ca-4d8ec3a2969a",
   "FIELD9": ""
 },
 {
   "category": "Frozen",
   "subcategory": "Frozen Meals",
   "name": "365 Three Cheese Mini Pizzas",
   "price": "3.99",
   "description": "12 x 0.67 oz ",
   "image": "https://d2lnr5mha7bycj.cloudfront.net/product-image/file/large_e20f2639-8dc5-4913-9053-499cbf711245.jpg",
   "Image 2": "",
   "Product Link": "https://www.instacart.com/store/items/4482876?source1=aisle&source2=1344&source3=1344&impressionId=8eed1111-fabb-4f2b-a8ed-0affc6b0b5ec",
   "FIELD9": ""
 },
 {
   "category": "Frozen",
   "subcategory": "Frozen Meals",
   "name": "365 Thin Crust Pepperoni Pizza",
   "price": "4.99",
   "description": "13.3 oz ",
   "image": "https://d2lnr5mha7bycj.cloudfront.net/product-image/file/large_c6952536-a83e-4125-82b2-891a187adcf0.jpg",
   "Image 2": "",
   "Product Link": "https://www.instacart.com/store/items/4572444?source1=aisle&source2=1344&source3=1344&impressionId=e4863706-4072-4dad-b3ad-f152929b7f7e",
   "FIELD9": ""
 },
 {
   "category": "Frozen",
   "subcategory": "Frozen Meals",
   "name": "Amy's Macaroni & Cheese",
   "price": "3.99",
   "description": "9 oz ",
   "image": "https://d2lnr5mha7bycj.cloudfront.net/product-image/file/large_eb82adee-8939-44bc-a39c-f1cd7e3f67c8.jpg",
   "Image 2": "",
   "Product Link": "https://www.instacart.com/store/items/4488908?source1=aisle&source2=1344&source3=1344&impressionId=792493fc-8a7d-4799-8763-f0da20edde5b",
   "FIELD9": ""
 },
 {
   "category": "Frozen",
   "subcategory": "Frozen Meals",
   "name": "365 Chicken Taquitos",
   "price": "5.99",
   "description": "10 x 1.5 oz ",
   "image": "https://d2lnr5mha7bycj.cloudfront.net/product-image/file/large_d5536f22-b900-4afa-93d3-6796d1dbaf52.jpg",
   "Image 2": "",
   "Product Link": "https://www.instacart.com/store/items/22318221?source1=aisle&source2=1344&source3=1344&impressionId=89f65bca-6282-4938-adf4-06bcf060678b",
   "FIELD9": ""
 },
 {
   "category": "Frozen",
   "subcategory": "Frozen Meals",
   "name": "365 Frozen Organic Jasmine Rice",
   "price": "3.49",
   "description": "20 oz ",
   "image": "https://d2lnr5mha7bycj.cloudfront.net/product-image/file/large_760e0c20-f5ae-412b-861d-6fccb84efdc0.jpg",
   "Image 2": "",
   "Product Link": "https://www.instacart.com/store/items/4482276?source1=aisle&source2=1344&source3=1344&impressionId=623358a8-79a4-4ccd-978c-c8c608aa06fe",
   "FIELD9": ""
 },
 {
   "category": "Frozen",
   "subcategory": "Frozen Meals",
   "name": "365 Everyday Essentials Four Cheese Thin Crust Pizza",
   "price": "3.99",
   "description": "12.5 oz ",
   "image": "https://d2lnr5mha7bycj.cloudfront.net/product-image/file/large_d93a81cb-0592-44e5-9f10-5c9a30162ac3.jpg",
   "Image 2": "",
   "Product Link": "https://www.instacart.com/store/items/4556558?source1=aisle&source2=1344&source3=1344&impressionId=9678ff80-a1ff-4ab1-b972-8ea190844a9b",
   "FIELD9": ""
 },
 {
   "category": "Frozen",
   "subcategory": "Frozen Meals",
   "name": "Amy's Bowls Pesto Tortellini",
   "price": "4.99",
   "description": "9.5 oz ",
   "image": "https://d2lnr5mha7bycj.cloudfront.net/product-image/file/large_fb8edebc-9756-4d49-b290-0b97ca520e9c.jpg",
   "Image 2": "",
   "Product Link": "https://www.instacart.com/store/items/4486850?source1=aisle&source2=1344&source3=1344&impressionId=b729b019-b40d-49f7-aeae-96465df9fb90",
   "FIELD9": ""
 },
 {
   "category": "Frozen",
   "subcategory": "Frozen Meals",
   "name": "Earth's Best Kidz Baked Chicken Nuggets Value Bag",
   "price": "7.99",
   "description": "16 oz ",
   "image": "https://d2lnr5mha7bycj.cloudfront.net/product-image/file/large_21c5e60b-c202-474b-8a5d-eb31f591914a.jpg",
   "Image 2": "",
   "Product Link": "https://www.instacart.com/store/items/4562307?source1=aisle&source2=1344&source3=1344&impressionId=1baa333d-8ad9-401d-b4a7-18e129f17cfa",
   "FIELD9": ""
 },
 {
   "category": "Frozen",
   "subcategory": "Frozen Meals",
   "name": "365 Chicken Taquitos\n",
   "price": "5.99",
   "description": "10 x 1.5 oz�",
   "image": "https://d2lnr5mha7bycj.cloudfront.net/product-image/file/large_d5536f22-b900-4afa-93d3-6796d1dbaf52.jpg",
   "Image 2": "",
   "Product Link": "https://www.instacart.com/store/items/22318221?source1=aisle&source2=1344&source3=1344&impressionId=9e9f6545-85c4-47ed-af73-456ecb8ed780",
   "FIELD9": ""
 },
 {
   "category": "Frozen",
   "subcategory": "Frozen Meals",
   "name": "365 Frozen Organic Jasmine Rice",
   "price": "3.49",
   "description": "20 oz�",
   "image": "https://d2lnr5mha7bycj.cloudfront.net/product-image/file/large_760e0c20-f5ae-412b-861d-6fccb84efdc0.jpg",
   "Image 2": "",
   "Product Link": "https://www.instacart.com/store/items/4482276?source1=aisle&source2=1344&source3=1344&impressionId=a8458253-5ba6-4147-8efd-ea9dfd247a20",
   "FIELD9": ""
 },
 {
   "category": "Frozen",
   "subcategory": "Frozen Meals",
   "name": "365 Everyday Essentials Four Cheese Thin Crust Pizza",
   "price": "3.99",
   "description": "12.5 oz�",
   "image": "https://d2lnr5mha7bycj.cloudfront.net/product-image/file/large_d93a81cb-0592-44e5-9f10-5c9a30162ac3.jpg",
   "Image 2": "",
   "Product Link": "https://www.instacart.com/store/items/4556558?source1=aisle&source2=1344&source3=1344&impressionId=6754cc2d-4455-49b2-9528-7d15f9b963d8",
   "FIELD9": ""
 },
 {
   "category": "Frozen",
   "subcategory": "Frozen Meals",
   "name": "Amy's Bowls Pesto Tortellini",
   "price": "4.99",
   "description": "9.5 oz�",
   "image": "https://d2lnr5mha7bycj.cloudfront.net/product-image/file/large_fb8edebc-9756-4d49-b290-0b97ca520e9c.jpg",
   "Image 2": "",
   "Product Link": "https://www.instacart.com/store/items/4486850?source1=aisle&source2=1344&source3=1344&impressionId=de5c775c-0bb5-4e25-a993-08ae0c56341e",
   "FIELD9": ""
 },
 {
   "category": "Frozen",
   "subcategory": "Frozen Meals",
   "name": "Earth's Best Kidz Baked Chicken Nuggets Value Bag",
   "price": "7.99",
   "description": "16 oz�",
   "image": "https://d2lnr5mha7bycj.cloudfront.net/product-image/file/large_21c5e60b-c202-474b-8a5d-eb31f591914a.jpg",
   "Image 2": "",
   "Product Link": "https://www.instacart.com/store/items/4562307?source1=aisle&source2=1344&source3=1344&impressionId=6d2317d5-a937-4546-beec-4da7ab7cb7ba",
   "FIELD9": ""
 },
 {
   "category": "Frozen",
   "subcategory": "Frozen Meals",
   "name": "Amy's Burrito Cheddar Cheese",
   "price": "2.99",
   "description": "6 oz�",
   "image": "https://d2lnr5mha7bycj.cloudfront.net/product-image/file/large_a107fc08-1d66-4bd1-9208-d9e50a63eb47.jpg",
   "Image 2": "",
   "Product Link": "https://www.instacart.com/store/items/4488366?source1=aisle&source2=1344&source3=1344&impressionId=a33410d4-d790-4c08-9585-a763e0cd388b",
   "FIELD9": ""
 },
 {
   "category": "Frozen",
   "subcategory": "Frozen Meals",
   "name": "Amy's Broccoli & Cheddar Bake Meal Bowl",
   "price": "4.99",
   "description": "9.5 oz�",
   "image": "https://d2lnr5mha7bycj.cloudfront.net/product-image/file/large_f9566d11-f6e0-4508-8d8b-ecb40d0192c1.jpg",
   "Image 2": "",
   "Product Link": "https://www.instacart.com/store/items/4565428?source1=aisle&source2=1344&source3=1344&impressionId=f7db1b6f-c14f-4e0f-b14b-9f9deb1ce027",
   "FIELD9": ""
 },
 {
   "category": "Frozen",
   "subcategory": "Frozen Meals",
   "name": "Amy's Gluten Free Non-Dairy Burrito Organic Beans & Rice",
   "price": "3.49",
   "description": "5.5 oz�",
   "image": "https://d2lnr5mha7bycj.cloudfront.net/product-image/file/large_0720bafb-467f-403f-9f76-d9f9dbd0454e.jpg",
   "Image 2": "",
   "Product Link": "https://www.instacart.com/store/items/4563964?source1=aisle&source2=1344&source3=1344&impressionId=d19e6ed6-ad74-4461-bbb2-663decb035ae",
   "FIELD9": ""
 },
 {
   "category": "Frozen",
   "subcategory": "Frozen Meals",
   "name": "Amy's Light & Lean Quinoa & Black Beans",
   "price": "4.99",
   "description": "8 oz�",
   "image": "https://d2lnr5mha7bycj.cloudfront.net/product-image/file/large_8ea82eac-1518-4609-96dc-4a762e412e1f.jpg",
   "Image 2": "",
   "Product Link": "https://www.instacart.com/store/items/4511687?source1=aisle&source2=1344&source3=1344&impressionId=06d36446-55b1-4a37-a31b-53d0713d1bbe",
   "FIELD9": ""
 },
 {
   "category": "Frozen",
   "subcategory": "Frozen Meals",
   "name": "Amy's Enchilada Cheese",
   "price": "4.99",
   "description": "9 oz�",
   "image": "https://d2lnr5mha7bycj.cloudfront.net/product-image/file/large_7f2b8130-2fd5-45bb-956b-dacd5239e17f.jpg",
   "Image 2": "",
   "Product Link": "https://www.instacart.com/store/items/4488222?source1=aisle&source2=1344&source3=1344&impressionId=53e20970-f0af-4302-8b47-4217169fd3e0",
   "FIELD9": ""
 },
 {
   "category": "Frozen",
   "subcategory": "Frozen Meat & Seafood",
   "name": "Applegate Natural Chicken & Sage Breakfast Sausage",
   "price": "4.99",
   "description": "7 oz ",
   "image": "https://d2lnr5mha7bycj.cloudfront.net/product-image/file/large_03633098-feaf-4eec-b471-232fc3cc8dfd.jpg",
   "Image 2": "",
   "Product Link": "https://www.instacart.com/store/items/12280688?source1=aisle&source2=615&source3=615&impressionId=aa8d21c1-0fd2-41bf-9c2d-9bf69bfd4629",
   "FIELD9": ""
 },
 {
   "category": "Frozen",
   "subcategory": "Frozen Meat & Seafood",
   "name": "Bell & Evans Air Chilled Breaded Chicken Breast Nuggets",
   "price": "6.99",
   "description": "12.0 oz ",
   "image": "https://d2lnr5mha7bycj.cloudfront.net/product-image/file/large_15d09812-519f-4ee9-9e42-3d29bcb1e006.jpg",
   "Image 2": "",
   "Product Link": "https://www.instacart.com/store/items/4482073?source1=aisle&source2=615&source3=615&impressionId=46089f97-1250-479a-bf4f-27e609d3398e",
   "FIELD9": ""
 },
 {
   "category": "Frozen",
   "subcategory": "Frozen Meat & Seafood",
   "name": "Applegate Natural Chicken & Maple Breakfast Sausage Patty",
   "price": "4.99",
   "description": "7 oz",
   "image": "https://d2lnr5mha7bycj.cloudfront.net/product-image/file/large_c07d5257-5483-4f37-9125-b71609b52033.jpg",
   "Image 2": "",
   "Product Link": "https://www.instacart.com/store/items/4502154?source1=aisle&source2=615&source3=615&impressionId=cb65926b-6bc2-4bc5-814c-001a95739f6a",
   "FIELD9": ""
 },
 {
   "category": "Frozen",
   "subcategory": "Frozen Meat & Seafood",
   "name": "365 Breaded Fish Sticks",
   "price": "9.99",
   "description": "32 oz ",
   "image": "https://d2lnr5mha7bycj.cloudfront.net/product-image/file/large_fc5efd70-73e4-42e7-a4ef-db78e2beeaba.jpg",
   "Image 2": "",
   "Product Link": "https://www.instacart.com/store/items/26930678?source1=aisle&source2=615&source3=615&impressionId=d339dc82-4d35-41ef-857b-db182f0e425b",
   "FIELD9": ""
 },
 {
   "category": "Frozen",
   "subcategory": "Frozen Meat & Seafood",
   "name": "Applegate Gluten-Free Chicken Nuggets",
   "price": "11.99",
   "description": "16 oz ",
   "image": "https://d2lnr5mha7bycj.cloudfront.net/product-image/file/large_1d4ad00b-9d67-4b5a-ba57-40a692d08760.jpg",
   "Image 2": "",
   "Product Link": "https://www.instacart.com/store/items/4499895?source1=aisle&source2=615&source3=615&impressionId=56607bbd-a870-4b6a-9d96-8d523c52917d",
   "FIELD9": ""
 },
 {
   "category": "Frozen",
   "subcategory": "Frozen Meat & Seafood",
   "name": "Changing Seas Frozen Wild Caught Atlantic Cod",
   "price": "17.99",
   "description": "2 lb ",
   "image": "https://d2lnr5mha7bycj.cloudfront.net/product-image/file/large_498944e0-c4cf-4e84-85d7-190b4906c3b4.jpg",
   "Image 2": "",
   "Product Link": "https://www.instacart.com/store/items/26632480?source1=aisle&source2=615&source3=615&impressionId=9d35a4ec-7956-47c6-9aa8-b9ad8db992d0",
   "FIELD9": ""
 },
 {
   "category": "Frozen",
   "subcategory": "Frozen Meat & Seafood",
   "name": "Applegate Natural Chicken & Apple Breakfast Sausage Patty",
   "price": "4.99",
   "description": "7 oz ",
   "image": "https://d2lnr5mha7bycj.cloudfront.net/product-image/file/large_bc3dd2ca-b081-4886-aa1b-d7a2142f9dbd.jpg",
   "Image 2": "",
   "Product Link": "https://www.instacart.com/store/items/4502290?source1=aisle&source2=615&source3=615&impressionId=53ce0e34-fa6d-41cd-9f3f-4832ed21d11f",
   "FIELD9": ""
 },
 {
   "category": "Frozen",
   "subcategory": "Frozen Meat & Seafood",
   "name": "Atkins Ranch 100% Grass Fed Ground Lamb Brick",
   "price": "8.99",
   "description": "16 oz ",
   "image": "https://d2lnr5mha7bycj.cloudfront.net/product-image/file/large_4f46c47d-52de-4761-8c21-65ec28e4a688.jpg",
   "Image 2": "",
   "Product Link": "https://www.instacart.com/store/items/29632532?source1=aisle&source2=615&source3=615&impressionId=8dde4d93-5fba-4fa1-a60e-677879769a12",
   "FIELD9": ""
 },
 {
   "category": "Frozen",
   "subcategory": "Frozen Meat & Seafood",
   "name": "Whole Catch Alaskan Salmon Burgers",
   "price": "6.99",
   "description": "4 x 12.8 oz ",
   "image": "https://d2lnr5mha7bycj.cloudfront.net/product-image/file/large_a512ca29-c568-44d6-a6ab-f1bca53950e8.jpg",
   "Image 2": "",
   "Product Link": "https://www.instacart.com/store/items/4495543?source1=aisle&source2=615&source3=615&impressionId=7f529d27-6b9f-4ca2-9b8f-7f5fe148beea",
   "FIELD9": ""
 },
 {
   "category": "Frozen",
   "subcategory": "Frozen Meat & Seafood",
   "name": "Whole Catch Wild Key West Pink Shrimp",
   "price": "12.99",
   "description": "12.99",
   "image": "https://d2lnr5mha7bycj.cloudfront.net/product-image/file/large_ca417347-d932-4c80-84bd-8ad3069ccbee.jpg",
   "Image 2": "",
   "Product Link": "https://www.instacart.com/store/items/4460599?source1=aisle&source2=615&source3=615&impressionId=a90b3c95-e520-4d93-8b4a-3d953218b1a0",
   "FIELD9": ""
 },
 {
   "category": "Frozen",
   "subcategory": "Frozen Meat & Seafood",
   "name": "Whole Catch Traditional Hot Smoked Sockeye Salmon",
   "price": "7.49",
   "description": "4 oz�",
   "image": "https://d2lnr5mha7bycj.cloudfront.net/product-image/file/large_131201a7-98a0-4300-bc6e-a5e4cddd2bd9.jpg",
   "Image 2": "",
   "Product Link": "https://www.instacart.com/store/items/21813025?source1=aisle&source2=615&source3=615&impressionId=e6ec6f27-0bd8-4683-a41e-dfe69bbe90d0",
   "FIELD9": ""
 },
 {
   "category": "Frozen",
   "subcategory": "Frozen Meat & Seafood",
   "name": "Fra'Mani Chorizo Pork Sausage",
   "price": "7.99",
   "description": "12 oz ",
   "image": "https://d2lnr5mha7bycj.cloudfront.net/product-image/file/large_f8211da4-0bb3-4a4d-a03b-a5e146400e50.jpg",
   "Image 2": "",
   "Product Link": "https://www.instacart.com/store/items/4492622?source1=aisle&source2=615&source3=615&impressionId=65d2d94e-64cb-4812-bd04-98e039ba0b1c",
   "FIELD9": ""
 },
 {
   "category": "Frozen",
   "subcategory": "Frozen Meat & Seafood",
   "name": "Fishpeople Creamy Razor Clam and Bacon Chowder",
   "price": "5.49",
   "description": "10 oz�",
   "image": "https://d2lnr5mha7bycj.cloudfront.net/product-image/file/large_f5e2cd87-44ec-4ab1-b526-4be6f11f2760.jpg",
   "Image 2": "",
   "Product Link": "https://www.instacart.com/store/items/4508575?source1=aisle&source2=615&source3=615&impressionId=79a33b69-30e2-460c-8f37-a018a8a38131",
   "FIELD9": ""
 },
 {
   "category": "Frozen",
   "subcategory": "Frozen Meat & Seafood",
   "name": "Pacific Sustainable Seafood Gluten Free Crispy Battered Halibut",
   "price": "12.99",
   "description": "10 oz�",
   "image": "https://d2lnr5mha7bycj.cloudfront.net/product-image/file/large_abcf2b46-5798-4355-a756-65d89fc7403e.jpg",
   "Image 2": "",
   "Product Link": "https://www.instacart.com/store/items/4495879?source1=aisle&source2=615&source3=615&impressionId=1c649e77-1e70-4f3c-b2bc-95f18a85a87c",
   "FIELD9": ""
 },
 {
   "category": "Frozen",
   "subcategory": "Frozen Meat & Seafood",
   "name": "Emmi Roth Feta",
   "price": "11.54",
   "description": "Price Estimate: $11.54�($7.69/lb נ1.50�lb)",
   "image": "https://d2guulkeunn7d8.cloudfront.net/assets/missing-item-0ca47424f272dd3909349f67e9661183.png",
   "Image 2": "",
   "Product Link": "https://www.instacart.com/store/items/4509072?source1=aisle&source2=615&source3=615&impressionId=2c683af9-4e6f-48df-a63f-3eb530f72a9c",
   "FIELD9": ""
 },
 {
   "category": "Frozen",
   "subcategory": "Frozen Meat & Seafood",
   "name": "The Town Dock Previously Frozen Cleaned Squid Tentacle Ring",
   "price": "8.79/ lb",
   "description": "",
   "image": "https://d2guulkeunn7d8.cloudfront.net/assets/missing-item-0ca47424f272dd3909349f67e9661183.png",
   "Image 2": "",
   "Product Link": "https://www.instacart.com/store/items/22235457?source1=aisle&source2=615&source3=615&impressionId=a36c8937-ae7e-489b-b9f2-f4cadad27bff",
   "FIELD9": ""
 },
 {
   "category": "Frozen",
   "subcategory": "Frozen Meat & Seafood",
   "name": "Plenus Oyster Rockefeller",
   "price": "1.99",
   "description": "3 oz�",
   "image": "https://d2guulkeunn7d8.cloudfront.net/assets/missing-item-0ca47424f272dd3909349f67e9661183.png",
   "Image 2": "",
   "Product Link": "https://www.instacart.com/store/items/22163871?source1=aisle&source2=615&source3=615&impressionId=45282ff3-83cc-4a6c-9e5b-d6cbb16c0d45",
   "FIELD9": ""
 },
 {
   "category": "Frozen",
   "subcategory": "Frozen Pizza",
   "name": "Annie's Homegrown Three Cheese Mini Pizza Bagels Frozen Snacks",
   "price": "5.49",
   "description": "6.65 oz ",
   "image": "https://d2lnr5mha7bycj.cloudfront.net/product-image/file/large_e42c434e-175a-4726-81a3-a478b90287e9.JPG",
   "Image 2": "",
   "Product Link": "https://www.instacart.com/store/items/27687716?source1=aisle&source2=569&source3=569&impressionId=eaa53804-249f-48cc-bc3d-5cc87a3389f2",
   "FIELD9": ""
 },
 {
   "category": "Frozen",
   "subcategory": "Frozen Pizza",
   "name": "Annie's Homegrown Uncured Pepperoni Mini Pizza Bagels Frozen Snacks",
   "price": "5.49",
   "description": "6.65 oz ",
   "image": "https://d2lnr5mha7bycj.cloudfront.net/product-image/file/large_25063440-f3b4-4c4f-a2b2-9dbad4cf88d5.jpg",
   "Image 2": "",
   "Product Link": "https://www.instacart.com/store/items/27661076?source1=aisle&source2=569&source3=569&impressionId=d8c2d886-6b44-452b-a104-a14af8d5065f",
   "FIELD9": ""
 },
 {
   "category": "Frozen",
   "subcategory": "Frozen Pizza",
   "name": "365 Three Cheese Mini Pizzas",
   "price": "3.99",
   "description": "12 x 0.67 oz ",
   "image": "https://d2lnr5mha7bycj.cloudfront.net/product-image/file/large_e20f2639-8dc5-4913-9053-499cbf711245.jpg",
   "Image 2": "",
   "Product Link": "https://www.instacart.com/store/items/4482876?source1=aisle&source2=569&source3=569&impressionId=2ca8e5f5-3b12-43da-a694-153847ccc504",
   "FIELD9": ""
 },
 {
   "category": "Frozen",
   "subcategory": "Frozen Pizza",
   "name": "Amy's Pizza Cheese",
   "price": "7.49",
   "description": "13 oz ",
   "image": "https://d2lnr5mha7bycj.cloudfront.net/product-image/file/large_9995c11c-80df-4f87-b44e-fb8313fbf5dc.jpg",
   "Image 2": "",
   "Product Link": "https://www.instacart.com/store/items/4488060?source1=aisle&source2=569&source3=569&impressionId=f2a4071d-6f81-4a0e-86d0-f7c2cfe5cfb2",
   "FIELD9": ""
 },
 {
   "category": "Frozen",
   "subcategory": "Frozen Pizza",
   "name": "365 Thin Crust Pepperoni Pizza",
   "price": "4.99",
   "description": "13.3 oz ",
   "image": "https://d2lnr5mha7bycj.cloudfront.net/product-image/file/large_c6952536-a83e-4125-82b2-891a187adcf0.jpg",
   "Image 2": "",
   "Product Link": "https://www.instacart.com/store/items/4572444?source1=aisle&source2=569&source3=569&impressionId=bd13484b-3276-4f50-ac2d-0f140f921edd",
   "FIELD9": ""
 },
 {
   "category": "Frozen",
   "subcategory": "Frozen Pizza",
   "name": "365 Chicken & BBQ Sauce Thin Crust Pizza",
   "price": "4.99",
   "description": "14.3 oz ",
   "image": "https://d2lnr5mha7bycj.cloudfront.net/product-image/file/large_a033e6d8-161d-4e55-ac7d-eb1625fdc8df.jpg",
   "Image 2": "",
   "Product Link": "https://www.instacart.com/store/items/4572439?source1=aisle&source2=569&source3=569&impressionId=74f35884-09d7-4e13-9bfe-0c0695a5f38d",
   "FIELD9": ""
 },
 {
   "category": "Frozen",
   "subcategory": "Frozen Pizza",
   "name": "365 Everyday Essentials Four Cheese Thin Crust Pizza",
   "price": "3.99",
   "description": "12.5 oz ",
   "image": "https://d2lnr5mha7bycj.cloudfront.net/product-image/file/large_d93a81cb-0592-44e5-9f10-5c9a30162ac3.jpg",
   "Image 2": "",
   "Product Link": "https://www.instacart.com/store/items/4556558?source1=aisle&source2=569&source3=569&impressionId=e181bd62-ea20-40d2-9510-83ae1c896056",
   "FIELD9": ""
 },
 {
   "category": "Frozen",
   "subcategory": "Frozen Pizza",
   "name": "Amy's Margherita Pizza",
   "price": "8.99",
   "description": "13 oz ",
   "image": "https://d2lnr5mha7bycj.cloudfront.net/product-image/file/large_2e577a1b-acbb-4114-b985-028c4439c2ed.jpg",
   "Image 2": "",
   "Product Link": "https://www.instacart.com/store/items/21426161?source1=aisle&source2=569&source3=569&impressionId=9e76f870-39ba-4443-aac0-93404e6be224",
   "FIELD9": ""
 },
 {
   "category": "Frozen",
   "subcategory": "Frozen Pizza",
   "name": "Amy's Pizza Margherita",
   "price": "5.99",
   "description": "6.2 oz ",
   "image": "https://d2lnr5mha7bycj.cloudfront.net/product-image/file/large_6b9e42ee-f496-4943-a08e-7e1203c054e6.jpg",
   "Image 2": "",
   "Product Link": "https://www.instacart.com/store/items/4486695?source1=aisle&source2=569&source3=569&impressionId=3b55849b-f3cf-4350-8c09-e2269a12927f",
   "FIELD9": ""
 },
 {
   "category": "Frozen",
   "subcategory": "Frozen Pizza",
   "name": "365 Organic Cheese Pizza",
   "price": "3.99",
   "description": "6.2 oz ",
   "image": "https://d2lnr5mha7bycj.cloudfront.net/product-image/file/large_ce3eab8f-3d32-4bb2-839e-66dd2672abfa.jpg",
   "Image 2": "",
   "Product Link": "https://www.instacart.com/store/items/4516137?source1=aisle&source2=569&source3=569&impressionId=68beecd0-7deb-4ee8-8810-c37de4737dc7",
   "FIELD9": ""
 },
 {
   "category": "Frozen",
   "subcategory": "Frozen Pizza",
   "name": "Amy's Pizza 4 Cheese",
   "price": "7.49",
   "description": "12 oz�",
   "image": "https://d2lnr5mha7bycj.cloudfront.net/product-image/file/large_7d11708a-32e1-4a98-bbf6-92bb77f3c22f.jpg",
   "Image 2": "",
   "Product Link": "https://www.instacart.com/store/items/4571201?source1=aisle&source2=569&source3=569&impressionId=35df6775-965d-446e-8a1f-7941bfc26a11",
   "FIELD9": ""
 },
 {
   "category": "Frozen",
   "subcategory": "Frozen Pizza",
   "name": "Amy's Spinach Pizza",
   "price": "7.49",
   "description": "14 oz�",
   "image": "https://d2lnr5mha7bycj.cloudfront.net/product-image/file/large_b2814310-4047-4566-bed9-92b31fb611dc.jpg",
   "Image 2": "",
   "Product Link": "https://www.instacart.com/store/items/4585961?source1=aisle&source2=569&source3=569&impressionId=6e2e4571-03bd-48c7-9cf3-03f79b60c60d",
   "FIELD9": ""
 },
 {
   "category": "Frozen",
   "subcategory": "Frozen Pizza",
   "name": "Amy's Pizza Mushroom & Olive",
   "price": "8.99",
   "description": "13.0 oz�",
   "image": "https://d2lnr5mha7bycj.cloudfront.net/product-image/file/large_d42af83b-c4d4-409d-8a9d-b8b3422e166e.jpg",
   "Image 2": "",
   "Product Link": "https://www.instacart.com/store/items/4487863?source1=aisle&source2=569&source3=569&impressionId=c5b4594f-227d-4fdb-8522-0b3494457757",
   "FIELD9": ""
 },
 {
   "category": "Frozen",
   "subcategory": "Frozen Pizza",
   "name": "Whole Foods Market Goat Cheese & Pesto Thin Crust Pizza",
   "price": "4.99",
   "description": "11.95 oz�",
   "image": "https://d2lnr5mha7bycj.cloudfront.net/product-image/file/large_b43801ec-a442-49d2-aa54-d30f8c0cbf03.jpg",
   "Image 2": "",
   "Product Link": "https://www.instacart.com/store/items/4572430?source1=aisle&source2=569&source3=569&impressionId=0a4d8a9b-37e9-4398-a168-65d29aebbc9e",
   "FIELD9": ""
 },
 {
   "category": "Frozen",
   "subcategory": "Frozen Pizza",
   "name": "Amy's Pizza Roasted Vegetable No Cheese",
   "price": "8.99",
   "description": "12 oz�",
   "image": "https://d2lnr5mha7bycj.cloudfront.net/product-image/file/large_df6b323a-849b-463e-8b30-f66f01ea8d1a.jpg",
   "Image 2": "",
   "Product Link": "https://www.instacart.com/store/items/4488012?source1=aisle&source2=569&source3=569&impressionId=aefd2161-a503-4d98-9989-059825400640",
   "FIELD9": ""
 },
 {
   "category": "Frozen",
   "subcategory": "Frozen Pizza",
   "name": "Udi's Gluten Free Uncured Pepperoni Pizza",
   "price": "7.99",
   "description": "10.1 oz�",
   "image": "https://d2lnr5mha7bycj.cloudfront.net/product-image/file/large_3db2b3eb-72d0-458f-b821-e79470f6c603.jpg",
   "Image 2": "",
   "Product Link": "https://www.instacart.com/store/items/4564886?source1=aisle&source2=569&source3=569&impressionId=40149bbe-7299-4711-9dad-5cc8e7bf4767",
   "FIELD9": ""
 },
 {
   "category": "Frozen",
   "subcategory": "Frozen Pizza",
   "name": "365 Mediterranean Thin Crust Pizza",
   "price": "3.99",
   "description": "13.57 oz�",
   "image": "https://d2lnr5mha7bycj.cloudfront.net/product-image/file/large_c4aeb619-e7fc-4640-8d8d-4f80d99a1712.jpg",
   "Image 2": "",
   "Product Link": "https://www.instacart.com/store/items/4572448?source1=aisle&source2=569&source3=569&impressionId=d3a00cbd-06fb-4be5-a6f9-7adc3959383c",
   "FIELD9": ""
 },
 {
   "category": "Frozen",
   "subcategory": "Frozen Pizza",
   "name": "Udi's Gluten Free Three Cheese Pizza",
   "price": "7.99",
   "description": "",
   "image": "https://d2lnr5mha7bycj.cloudfront.net/product-image/file/large_b4eec1c8-749e-47a6-9b35-ca589d18c0a4.jpg",
   "Image 2": "",
   "Product Link": "https://www.instacart.com/store/items/4564513?source1=aisle&source2=569&source3=569&impressionId=3d5a7153-3e3e-4c49-931c-2bccab02b645",
   "FIELD9": ""
 },
 {
   "category": "Frozen",
   "subcategory": "Frozen Pizza",
   "name": "Amy's Pizza Vegan Margherita with Daiya Cheese",
   "price": "8.99",
   "description": "13.5 oz�",
   "image": "https://d2lnr5mha7bycj.cloudfront.net/product-image/file/large_e8f4d54a-d556-4282-ac27-50611cd9c8f2.jpg",
   "Image 2": "",
   "Product Link": "https://www.instacart.com/store/items/4518398?source1=aisle&source2=569&source3=569&impressionId=d5888d8b-b2fb-4c38-ae58-ee211b3fd241",
   "FIELD9": ""
 },
 {
   "category": "Frozen",
   "subcategory": "Frozen Pizza",
   "name": "Against The Grain Gourmet Gourmet Pizza Three Cheese Gluten Free",
   "price": "12.99",
   "description": "24.0 oz�",
   "image": "https://d2lnr5mha7bycj.cloudfront.net/product-image/file/large_6c689b30-7e69-46a2-9995-23ce4a9688da.jpg",
   "Image 2": "",
   "Product Link": "https://www.instacart.com/store/items/4533961?source1=aisle&source2=569&source3=569&impressionId=311491fc-5e46-43af-ad70-b126f8d77575",
   "FIELD9": ""
 },
 {
   "category": "Frozen",
   "subcategory": "Frozen Breads & Doughs",
   "name": "Brazi Bites Brazilian Cheese Bread Cheddar & Parmesan",
   "price": "5.99",
   "description": "11.5oz",
   "image": "https://d2lnr5mha7bycj.cloudfront.net/product-image/file/large_a6d397d0-201f-4dab-82f0-ae60bb741027.jpg",
   "Image 2": "",
   "Product Link": "https://www.instacart.com/store/items/4519223?source1=aisle&source2=4299&source3=4299&impressionId=4fceb306-3a3a-4493-b9c3-5fffa88e74f2",
   "FIELD9": ""
 },
 {
   "category": "Frozen",
   "subcategory": "Frozen Breads & Doughs",
   "name": "Brazi Bites Brazilian Cheese Bread Garlic Asiago",
   "price": "5.99",
   "description": "11.5 oz ",
   "image": "https://d2lnr5mha7bycj.cloudfront.net/product-image/file/large_d24a3cfb-cbbc-45a9-b566-83a814a806cd.jpg",
   "Image 2": "",
   "Product Link": "https://www.instacart.com/store/items/16201815?source1=aisle&source2=4299&source3=4299&impressionId=09f9f7bd-e054-412c-a915-492dcf076624",
   "FIELD9": ""
 },
 {
   "category": "Frozen",
   "subcategory": "Frozen Breads & Doughs",
   "name": "Brazi Bites Brazilian Cheese Bread Zesty Pepper Jack",
   "price": "5.99",
   "description": "11.5oz",
   "image": "https://d2lnr5mha7bycj.cloudfront.net/product-image/file/large_d1fa7ade-3a33-42c8-8f5b-43bee0425c58.jpg",
   "Image 2": "",
   "Product Link": "https://www.instacart.com/store/items/4519129?source1=aisle&source2=4299&source3=4299&impressionId=6aa53ef3-a94a-44ba-affc-e5bd26b06215",
   "FIELD9": ""
 },
 {
   "category": "Frozen",
   "subcategory": "Frozen Breads & Doughs",
   "name": "365 Organic Homestyle Tortillas",
   "price": "2.49",
   "description": "6 ct ",
   "image": "https://d2lnr5mha7bycj.cloudfront.net/product-image/file/large_a1c4445b-e598-4589-b6f2-2854e5565554.jpg",
   "Image 2": "",
   "Product Link": "https://www.instacart.com/store/items/4470725?source1=aisle&source2=4299&source3=4299&impressionId=8ca19141-2072-40ce-ae8a-37960c66bb56",
   "FIELD9": ""
 },
 {
   "category": "Frozen",
   "subcategory": "Frozen Breads & Doughs",
   "name": "Food for Life Ezekiel 4:9 Bread Organic Sprouted Whole Grain",
   "price": "4.79",
   "description": "24 oz ",
   "image": "https://d2lnr5mha7bycj.cloudfront.net/product-image/file/large_a4a7fc7f-8881-4530-8f2f-17c4a3bd41af.jpg",
   "Image 2": "",
   "Product Link": "https://www.instacart.com/store/items/4483247?source1=aisle&source2=4299&source3=4299&impressionId=b32abda9-5f68-48c1-8feb-d4227064179c",
   "FIELD9": ""
 },
 {
   "category": "Frozen",
   "subcategory": "Frozen Breads & Doughs",
   "name": "365 Frozen Organic Wild Blueberries\n",
   "price": "3.99",
   "description": "10 oz�",
   "image": "https://d2lnr5mha7bycj.cloudfront.net/product-image/file/large_66a27ec6-2a8d-436a-aa43-52ec1febe24a.jpg",
   "Image 2": "",
   "Product Link": "https://www.instacart.com/store/items/4484836?source1=department&source2=90&source3=572&impressionId=59fc387c-3536-4b62-a586-140867526d8e",
   "FIELD9": ""
 },
 {
   "category": "Frozen",
   "subcategory": "Frozen Breads & Doughs",
   "name": "365 Organic Petite Green Peas\n",
   "price": "2.99",
   "description": "16 oz�",
   "image": "https://d2lnr5mha7bycj.cloudfront.net/product-image/file/large_02148ae4-c761-4f21-94f3-0df0687a8eac.jpg",
   "Image 2": "",
   "Product Link": "https://www.instacart.com/store/items/4484230?source1=department&source2=90&source3=572&impressionId=bee2962e-b16c-4937-b468-133fba749c3b",
   "FIELD9": ""
 },
 {
   "category": "Frozen",
   "subcategory": "Frozen Breads & Doughs",
   "name": "365 Organic Broccoli Florets\n",
   "price": "2.79",
   "description": "16 oz�",
   "image": "https://d2lnr5mha7bycj.cloudfront.net/product-image/file/large_51e6d1f3-d3ec-4064-8227-3583254c661a.jpg",
   "Image 2": "",
   "Product Link": "https://www.instacart.com/store/items/22235675?source1=department&source2=90&source3=572&impressionId=0152a2d0-480a-4c6d-a417-9835cc8f09a4",
   "FIELD9": ""
 },
 {
   "category": "Frozen",
   "subcategory": "Frozen Breads & Doughs",
   "name": "365 Organic Whole Strawberries\n",
   "price": "2.99",
   "description": "10 oz�",
   "image": "https://d2lnr5mha7bycj.cloudfront.net/product-image/file/large_7874be3e-0cd9-4935-ab0c-2831309f6f13.jpg",
   "Image 2": "",
   "Product Link": "https://d2lnr5mha7bycj.cloudfront.net/product-image/file/large_7874be3e-0cd9-4935-ab0c-2831309f6f13.jpg",
   "FIELD9": ""
 },
 {
   "category": "Frozen",
   "subcategory": "Frozen Breads & Doughs",
   "name": "365 Pineapple Chunks\n",
   "price": "2.49",
   "description": "16 oz�",
   "image": "https://d2lnr5mha7bycj.cloudfront.net/product-image/file/large_a6f5d868-a154-42e7-a084-851fd9c314d5.jpg",
   "Image 2": "",
   "Product Link": "https://www.instacart.com/store/items/4483644?source1=department&source2=90&source3=572&impressionId=eca28683-b3e1-4d5f-87dc-c6f4b31c1ad4",
   "FIELD9": ""
 },
 {
   "category": "Frozen",
   "subcategory": "Frozen Breads & Doughs",
   "name": "365 Organic Multigrain Waffles 6 Count\n",
   "price": "3.49",
   "description": "7.4 oz�",
   "image": "https://d2lnr5mha7bycj.cloudfront.net/product-image/file/large_1647ff20-7733-4616-8ce8-c55df7c87637.jpg",
   "Image 2": "",
   "Product Link": "https://www.instacart.com/store/items/4516411?source1=department&source2=90&source3=571&impressionId=ffed9fe6-7764-4618-96ab-3613a68e69d0",
   "FIELD9": ""
 },
 {
   "category": "Frozen",
   "subcategory": "Frozen Breads & Doughs",
   "name": "365 Organic Homestyle Waffles 6 Count\n",
   "price": "3.49",
   "description": "7.4 oz�",
   "image": "https://d2lnr5mha7bycj.cloudfront.net/product-image/file/large_2c2bd41f-87bb-4441-929c-293483e8cd6f.jpg",
   "Image 2": "",
   "Product Link": "https://www.instacart.com/store/items/4533290?source1=department&source2=90&source3=571&impressionId=7178f3f2-9c6f-432f-a773-9cf621a0f2e6",
   "FIELD9": ""
 },
 {
   "category": "Frozen",
   "subcategory": "Frozen Breads & Doughs",
   "name": "Applegate Natural Chicken & Sage Breakfast Sausage\n",
   "price": "4.99",
   "description": "7 oz�",
   "image": "https://d2lnr5mha7bycj.cloudfront.net/product-image/file/large_03633098-feaf-4eec-b471-232fc3cc8dfd.jpg",
   "Image 2": "",
   "Product Link": "https://www.instacart.com/store/items/12280688?source1=department&source2=90&source3=571&impressionId=e2db2303-eadd-426f-9b81-e231013f7d05",
   "FIELD9": ""
 },
 {
   "category": "Frozen",
   "subcategory": "Frozen Breads & Doughs",
   "name": "365 Shredded Hash Browns\n",
   "price": "1.99",
   "description": "16 oz�",
   "image": "https://d2lnr5mha7bycj.cloudfront.net/product-image/file/large_2cb1e2e0-3318-41a7-8195-27946d8ed18b.jpg",
   "Image 2": "",
   "Product Link": "https://www.instacart.com/store/items/4483766?source1=department&source2=90&source3=571&impressionId=23645e44-fc49-4b6f-8b84-5363efecacaa",
   "FIELD9": ""
 },
 {
   "category": "Frozen",
   "subcategory": "Frozen Breads & Doughs",
   "name": "365 Organic Mini Homestyle Waffles\n",
   "price": "3.49",
   "description": "9 oz�",
   "image": "https://d2lnr5mha7bycj.cloudfront.net/product-image/file/large_545de899-eae9-4210-a16c-b90a67339df2.jpg",
   "Image 2": "",
   "Product Link": "https://www.instacart.com/store/items/24737741?source1=department&source2=90&source3=571&impressionId=0e386b2a-4f8b-4daf-be65-1b7f21c59160",
   "FIELD9": ""
 },
 {
   "category": "Frozen",
   "subcategory": "Frozen Breads & Doughs",
   "name": "365 Organic Brown Rice\n",
   "price": "3.49",
   "description": "20 oz�",
   "image": "https://d2lnr5mha7bycj.cloudfront.net/product-image/file/large_2d04e962-72a2-4056-bf17-b20d6f77e0d1.jpg",
   "Image 2": "",
   "Product Link": "https://www.instacart.com/store/items/4482336?source1=department&source2=90&source3=575&impressionId=7c68fd8c-ba38-4368-9eb8-7135fd661c5b",
   "FIELD9": ""
 },
 {
   "category": "Frozen",
   "subcategory": "Frozen Breads & Doughs",
   "name": "365 Organic Shoestring French Fries\n",
   "price": "2.99",
   "description": "16 oz�",
   "image": "https://d2lnr5mha7bycj.cloudfront.net/product-image/file/large_f268f815-4e11-46a9-bcc3-58eb39d5d627.jpg",
   "Image 2": "",
   "Product Link": "https://www.instacart.com/store/items/4484179?source1=department&source2=90&source3=575&impressionId=261c5dd2-46e8-4706-8a36-50366bec921b",
   "FIELD9": ""
 },
 {
   "category": "Frozen",
   "subcategory": "Frozen Breads & Doughs",
   "name": "365 Organic White Quinoa\n",
   "price": "4.99",
   "description": "12 oz�",
   "image": "https://d2lnr5mha7bycj.cloudfront.net/product-image/file/large_ce95df46-bedd-4dd5-ad69-c9f3b464d21a.jpg",
   "Image 2": "",
   "Product Link": "https://www.instacart.com/store/items/27597247?source1=department&source2=90&source3=575&impressionId=226f49d4-cb64-4cc7-b31c-f0e127cc47e2",
   "FIELD9": ""
 },
 {
   "category": "Frozen",
   "subcategory": "Frozen Breads & Doughs",
   "name": "365 Chicken Taquitos\n",
   "price": "5.99",
   "description": "10 x 1.5 oz�",
   "image": "https://d2lnr5mha7bycj.cloudfront.net/product-image/file/large_d5536f22-b900-4afa-93d3-6796d1dbaf52.jpg",
   "Image 2": "",
   "Product Link": "https://www.instacart.com/store/items/22318221?source1=department&source2=90&source3=575&impressionId=5893e3c0-d008-41d0-a6ae-4640f299ace0",
   "FIELD9": ""
 },
 {
   "category": "Frozen",
   "subcategory": "Frozen Breads & Doughs",
   "name": "365 Organic Tater Puffs\n",
   "price": "2.99",
   "description": "16 oz�",
   "image": "https://d2lnr5mha7bycj.cloudfront.net/product-image/file/large_6bccc906-2802-4ad9-9837-3f396986121d.jpg",
   "Image 2": "",
   "Product Link": "https://www.instacart.com/store/items/4481411?source1=department&source2=90&source3=575&impressionId=31a01779-7615-4f4a-9d78-2ce5427eee48",
   "FIELD9": ""
 },
 {
   "category": "Frozen",
   "subcategory": "Frozen Vegan & Vegetarian",
   "name": "Dr. Praeger's Purley Sensible Foods California Veggie Burgers - 4 CT",
   "price": "3.99",
   "description": "2.5 oz ",
   "image": "https://d2lnr5mha7bycj.cloudfront.net/product-image/file/large_9d21e9f2-bb34-45d2-9521-830d41c6a9ac.jpg",
   "Image 2": "",
   "Product Link": "https://www.instacart.com/store/items/4486798?source1=aisle&source2=1345&source3=1345&impressionId=f48e87d0-b219-4ae0-920d-10d79a8c0953",
   "FIELD9": ""
 },
 {
   "category": "Frozen",
   "subcategory": "Frozen Vegan & Vegetarian",
   "name": "Dr. Praeger's Purely Sensible Foods Kale Veggie Burgers - 4 CT",
   "price": "4.49",
   "description": "10 oz ",
   "image": "https://d2lnr5mha7bycj.cloudfront.net/product-image/file/large_4cc7cff6-ccaf-48b8-aef6-da7306f912a5.jpg",
   "Image 2": "",
   "Product Link": "https://www.instacart.com/store/items/4497055?source1=aisle&source2=1345&source3=1345&impressionId=fbaf7cc3-5567-4e97-97a3-ec381091e303",
   "FIELD9": ""
 },
 {
   "category": "Frozen",
   "subcategory": "Frozen Vegan & Vegetarian",
   "name": "Dr. Praeger's Super Greens Veggie Burgers",
   "price": "4.49",
   "description": "4 x 10 oz",
   "image": "https://d2lnr5mha7bycj.cloudfront.net/product-image/file/large_5f4684fa-6de8-4141-8277-330c25d43a4b.jpg",
   "Image 2": "",
   "Product Link": "https://www.instacart.com/store/items/12868386?source1=aisle&source2=1345&source3=1345&impressionId=49698963-153a-4238-9131-1ab2fda8124c",
   "FIELD9": ""
 },
 {
   "category": "Frozen",
   "subcategory": "Frozen Vegan & Vegetarian",
   "name": "Dr. Praeger's Sensible Foods Spinach Littles",
   "price": "4.98",
   "description": "12.0 oz ",
   "image": "https://d2lnr5mha7bycj.cloudfront.net/product-image/file/large_38a086be-4f8c-435d-b0d0-4cd8c6823938.jpg",
   "Image 2": "",
   "Product Link": "https://www.instacart.com/store/items/4572313?source1=aisle&source2=1345&source3=1345&impressionId=cd6d0711-09b3-4977-a9a3-6d516a74bbf6",
   "FIELD9": ""
 },
 {
   "category": "Frozen",
   "subcategory": "Frozen Vegan & Vegetarian",
   "name": "Dr. Praeger's Kids Broc Star! Broccoli Littles",
   "price": "4.98",
   "description": "10.0 oz ",
   "image": "https://d2lnr5mha7bycj.cloudfront.net/product-image/file/large_7d1ae06f-e8d5-4983-9ad1-ed74199d4541.jpg",
   "Image 2": "",
   "Product Link": "https://www.instacart.com/store/items/4569308?source1=aisle&source2=1345&source3=1345&impressionId=b0a1d4cb-82f0-4349-a849-80fa22d25695",
   "FIELD9": ""
 },
 {
   "category": "Frozen",
   "subcategory": "Frozen Vegan & Vegetarian",
   "name": "Gardein Seven Grain Crispy Tenders\n",
   "price": "4.49",
   "description": "9 oz�",
   "image": "https://d2lnr5mha7bycj.cloudfront.net/product-image/file/large_1a519ef9-82c4-4b15-a9fd-19c3dd648a7f.jpg",
   "Image 2": "",
   "Product Link": "https://www.instacart.com/store/items/26140223?source1=aisle&source2=1345&source3=1345&impressionId=c5242cfb-48e7-46ed-938c-0a08af4334d8",
   "FIELD9": ""
 },
 {
   "category": "Frozen",
   "subcategory": "Frozen Vegan & Vegetarian",
   "name": "365 Meatless Meatballs\n",
   "price": "4.99",
   "description": "12 oz�",
   "image": "https://d2lnr5mha7bycj.cloudfront.net/product-image/file/large_fa0dcc61-ab28-486b-8804-c938fe5867ef.jpg",
   "Image 2": "",
   "Product Link": "https://www.instacart.com/store/items/4515097?source1=aisle&source2=1345&source3=1345&impressionId=dc7a20ae-2ff3-4c31-9061-17186af5f49b",
   "FIELD9": ""
 },
 {
   "category": "Frozen",
   "subcategory": "Frozen Vegan & Vegetarian",
   "name": "Beyond Meat GF Beefy Beef Free Crumble\n",
   "price": "5.99",
   "description": "11 oz�",
   "image": "https://d2lnr5mha7bycj.cloudfront.net/product-image/file/large_6bdb2dad-ee83-44d1-86cc-04a0bcba5f46.png",
   "Image 2": "",
   "Product Link": "https://www.instacart.com/store/items/4496884?source1=aisle&source2=1345&source3=1345&impressionId=23371b2f-8306-44ba-b5fd-c8705588833d",
   "FIELD9": ""
 },
 {
   "category": "Frozen",
   "subcategory": "Frozen Vegan & Vegetarian",
   "name": "Quorn Chik'n Nuggets Meatless & Soy-Free\n",
   "price": "5.49",
   "description": "10.6 oz�",
   "image": "https://d2lnr5mha7bycj.cloudfront.net/product-image/file/large_6ce5ab88-47bc-49a4-90b2-f5927970a0a1.jpg",
   "Image 2": "",
   "Product Link": "https://www.instacart.com/store/items/4591057?source1=aisle&source2=1345&source3=1345&impressionId=5da844e2-329a-4da9-9664-6c9fbc0c728d",
   "FIELD9": ""
 },
 {
   "category": "Frozen",
   "subcategory": "Frozen Vegan & Vegetarian",
   "name": "Hilary's Eat Well Veggie Burger\n",
   "price": "3.99",
   "description": "6.4 oz�",
   "image": "https://d2lnr5mha7bycj.cloudfront.net/product-image/file/large_ac218b9a-a9a1-40f0-809a-923fab9dfe4e.jpg",
   "Image 2": "",
   "Product Link": "https://www.instacart.com/store/items/4517355?source1=aisle&source2=1345&source3=1345&impressionId=616171d1-a342-4882-a4ac-f741c7256875",
   "FIELD9": ""
 },
 {
   "category": "Frozen",
   "subcategory": "Frozen Vegan & Vegetarian",
   "name": "Beyond Meat Feisty Beef-Free Crumble\n",
   "price": "5.99",
   "description": "11 oz�",
   "image": "https://d2lnr5mha7bycj.cloudfront.net/product-image/file/large_86485e39-c748-43f0-b5d3-80c72f0747ae.jpg",
   "Image 2": "",
   "Product Link": "https://www.instacart.com/store/items/4493377?source1=aisle&source2=1345&source3=1345&impressionId=b46ba33c-b79c-4e3e-a892-bd3105e1b216",
   "FIELD9": ""
 },
 {
   "category": "Frozen",
   "subcategory": "Frozen Vegan & Vegetarian",
   "name": "365 Chickenless Breaded Nuggets\n",
   "price": "4.99",
   "description": "10 oz�",
   "image": "https://d2lnr5mha7bycj.cloudfront.net/product-image/file/large_909ce070-08ee-4c9d-974e-8a0b8c093eff.jpg",
   "Image 2": "",
   "Product Link": "https://www.instacart.com/store/items/4515119?source1=aisle&source2=1345&source3=1345&impressionId=efbe227a-2da3-4060-8df8-f77f7594b6d3",
   "FIELD9": ""
 },
 {
   "category": "Frozen",
   "subcategory": "Frozen Vegan & Vegetarian",
   "name": "Gardein Classic Meatless Meatballs\n",
   "price": "4.49",
   "description": "12.7 oz�",
   "image": "https://d2lnr5mha7bycj.cloudfront.net/product-image/file/large_0ec48c95-afaa-4be1-9a8c-6a9ea95f0274.JPG",
   "Image 2": "",
   "Product Link": "https://www.instacart.com/store/items/27597232?source1=aisle&source2=1345&source3=1345&impressionId=d5a89c91-dbcb-43f2-81a0-5a15bf9756a6",
   "FIELD9": ""
 },
 {
   "category": "Frozen",
   "subcategory": "Frozen Vegan & Vegetarian",
   "name": "Daiya Deliciously Dairy Free Pizza Cheese Lover's\n",
   "price": "9.99",
   "description": "12.03 oz�",
   "image": "https://d2lnr5mha7bycj.cloudfront.net/product-image/file/large_8d78333e-02be-44d8-a0d0-00b9bdfec3ba.jpg",
   "Image 2": "",
   "Product Link": "https://www.instacart.com/store/items/4509796?source1=aisle&source2=1345&source3=1345&impressionId=b1e459b9-0fe5-4041-8553-69f5d7614dac",
   "FIELD9": ""
 },
 {
   "category": "Frozen",
   "subcategory": "Frozen Vegan & Vegetarian",
   "name": "Whole Foods Market Vegetable Fried Rice\n",
   "price": "3.49",
   "description": "20 oz�",
   "image": "https://d2lnr5mha7bycj.cloudfront.net/product-image/file/large_62b43608-66a3-43fd-8abb-c8462682aad6.jpg",
   "Image 2": "",
   "Product Link": "https://www.instacart.com/store/items/4514452?source1=aisle&source2=1345&source3=1345&impressionId=b5920841-5078-4a47-9ab1-18ea75b3a88f",
   "FIELD9": ""
 },
 {
   "category": "Frozen",
   "subcategory": "Frozen Vegan & Vegetarian",
   "name": "Beyond Beef Beyond Meat 100% Plant Protein Beast Burger 1/4 lb. Patties\n",
   "price": "6.49",
   "description": "2 x 4 oz�",
   "image": "https://d2lnr5mha7bycj.cloudfront.net/product-image/file/large_f312cb2a-3116-44a2-95d2-c889810205d3.jpg",
   "Image 2": "",
   "Product Link": "https://www.instacart.com/store/items/12868249?source1=aisle&source2=1345&source3=1345&impressionId=d690422a-48bf-4c10-bc05-fabbc3d101a8",
   "FIELD9": ""
 },
 {
   "category": "Frozen",
   "subcategory": "Frozen Vegan & Vegetarian",
   "name": "Amy's Light and Lean Macaroni and Cheese\n",
   "price": "3.69",
   "description": "8 oz�",
   "image": "https://d2lnr5mha7bycj.cloudfront.net/product-image/file/large_74e6b6aa-1d29-4fc0-afcf-7632b3570972.jpg",
   "Image 2": "",
   "Product Link": "https://www.instacart.com/store/items/21597613?source1=aisle&source2=1345&source3=1345&impressionId=76ead70f-46f1-463b-9fec-684feaafdb82",
   "FIELD9": ""
 },
 {
   "category": "Frozen",
   "subcategory": "Frozen Vegan & Vegetarian",
   "name": "Amy's Vegetable Lasagna\n",
   "price": "4.99",
   "description": "9.5 oz",
   "image": "https://d2lnr5mha7bycj.cloudfront.net/product-image/file/large_1cc32dea-b019-4318-9c61-eb4f95f53e4b.jpg",
   "Image 2": "",
   "Product Link": "https://www.instacart.com/store/items/4488885?source1=aisle&source2=1345&source3=1345&impressionId=f68c3032-80e3-4873-bdd2-d7124a242276",
   "FIELD9": ""
 },
 {
   "category": "Frozen",
   "subcategory": "Frozen Vegan & Vegetarian",
   "name": "Amy's Gluten Free Rice Mac & Cheese\n",
   "price": "4.99",
   "description": "9 oz�",
   "image": "https://d2lnr5mha7bycj.cloudfront.net/product-image/file/large_08c08183-0a10-41ea-b5de-bf24a56ea929.jpg",
   "Image 2": "",
   "Product Link": "https://www.instacart.com/store/items/25940658?source1=aisle&source2=1345&source3=1345&impressionId=729a7877-637b-423f-bc5d-57b81e88cc23",
   "FIELD9": ""
 },
 {
   "category": "Frozen",
   "subcategory": "Frozen Vegan & Vegetarian",
   "name": "Gardein Mandarin Orange Crispy Chick'n\n",
   "price": "4.49",
   "description": "10.5 oz�",
   "image": "https://d2lnr5mha7bycj.cloudfront.net/product-image/file/large_e77c4eb8-07cf-4e52-b3f4-670bb9b002d3.jpg",
   "Image 2": "",
   "Product Link": "https://www.instacart.com/store/items/4538765?source1=aisle&source2=1345&source3=1345&impressionId=032ed0c6-444a-4203-9eee-c6b5622888a0",
   "FIELD9": ""
 },
 {
   "category": "Frozen",
   "subcategory": "Frozen Dessert",
   "name": "Diana's Bananas Dark Chocolate Banana Babies - 5 CT",
   "price": "5.99",
   "description": "5 ct ",
   "image": "https://d2lnr5mha7bycj.cloudfront.net/product-image/file/large_a8061e33-386e-4747-9282-60e20db3decf.jpg",
   "Image 2": "",
   "Product Link": "https://www.instacart.com/store/items/4568161?source1=aisle&source2=574&source3=574&impressionId=d1d64a19-3aef-4350-b9de-483a95989545",
   "FIELD9": ""
 },
 {
   "category": "Frozen",
   "subcategory": "Frozen Dessert",
   "name": "Dufour Pastry Kitchens Classic Puff Pastry",
   "price": "12.99",
   "description": "14 oz ",
   "image": "https://d2lnr5mha7bycj.cloudfront.net/product-image/file/large_f327ec7a-2859-4721-b521-4eb628bb0443.jpg",
   "Image 2": "",
   "Product Link": "https://www.instacart.com/store/items/4572729?source1=aisle&source2=574&source3=574&impressionId=6868486f-6d27-4314-a2ed-6c2f84f75eb6",
   "FIELD9": ""
 },
 {
   "category": "Frozen",
   "subcategory": "Frozen Dessert",
   "name": "Woodstock Farms Organic Pomegranate Kernels",
   "price": "6.99",
   "description": "8.0 oz ",
   "image": "https://d2lnr5mha7bycj.cloudfront.net/product-image/file/large_5e88141c-7aac-44da-a9c8-12ebc8fd9dad.jpg",
   "Image 2": "",
   "Product Link": "https://www.instacart.com/store/items/14269656?source1=aisle&source2=574&source3=574&impressionId=b9e84913-a846-4677-84b1-d736145b8925",
   "FIELD9": ""
 },
 {
   "category": "Frozen",
   "subcategory": "Frozen Dessert",
   "name": "Truwhip Whipped Topping",
   "price": "4.99",
   "description": "10 oz ",
   "image": "https://d2lnr5mha7bycj.cloudfront.net/product-image/file/large_36b9c7fe-6261-4e4f-a535-dbca1e75397c.jpg",
   "Image 2": "",
   "Product Link": "https://www.instacart.com/store/items/4490652?source1=aisle&source2=574&source3=574&impressionId=a9f9f196-b087-407e-ada5-ba74fbd7bc93",
   "FIELD9": ""
 },
 {
   "category": "Frozen",
   "subcategory": "Frozen Dessert",
   "name": "Eat Pastry Gluten Free Chocolate Chunk Cookie Dough",
   "price": "5.99",
   "description": "14 oz ",
   "image": "https://d2lnr5mha7bycj.cloudfront.net/product-image/file/large_3d87cf99-3502-4f09-a64b-c0e23404f081.jpg",
   "Image 2": "",
   "Product Link": "https://www.instacart.com/store/items/4563080?source1=aisle&source2=574&source3=574&impressionId=cfd13635-5054-4b49-9a8f-dc7e6224054d",
   "FIELD9": ""
 },
 {
   "category": "Frozen",
   "subcategory": "Frozen Dessert",
   "name": "Luna & Larry's Coconut Bliss Organic Naked Coconut Frozen Dessert Bars\n",
   "price": "5.99",
   "description": "4 x 3 oz�",
   "image": "https://d2lnr5mha7bycj.cloudfront.net/product-image/file/large_e89eef1f-883a-4693-824f-cc6ebdbab577.jpg",
   "Image 2": "",
   "Product Link": "https://www.instacart.com/store/items/4572068?source1=aisle&source2=574&source3=574&impressionId=34aa8fad-d161-443e-993e-13bf0faf8315",
   "FIELD9": ""
 },
 {
   "category": "Frozen",
   "subcategory": "Frozen Dessert",
   "name": "Truwhip Skinny Natural Whipped Topping\n",
   "price": "4.99",
   "description": "10 oz�",
   "image": "https://d2lnr5mha7bycj.cloudfront.net/product-image/file/large_b486dc00-c96f-4313-af2e-546d8d2259ca.jpg",
   "Image 2": "",
   "Product Link": "https://www.instacart.com/store/items/4490552?source1=aisle&source2=574&source3=574&impressionId=7becdea1-7c3d-41c7-bd89-56c5d2a6566f",
   "FIELD9": ""
 },
 {
   "category": "Frozen",
   "subcategory": "Frozen Dessert",
   "name": "Whole Foods Market Brie Bites With Mostarda\n",
   "price": "6.99",
   "description": "6.3 oz�",
   "image": "https://d2lnr5mha7bycj.cloudfront.net/product-image/file/large_95f67370-4dee-43c3-b0d4-b6fe8c160667.jpg",
   "Image 2": "",
   "Product Link": "https://www.instacart.com/store/items/18955805?source1=aisle&source2=574&source3=574&impressionId=9f7d851d-606e-42da-b46c-2f1bdfd7b2ec",
   "FIELD9": ""
 },
 {
   "category": "Frozen",
   "subcategory": "Frozen Dessert",
   "name": "Kinnikinnick Foods Foods Gluten Free Donuts Vanilla Glazed - 6 CT\n",
   "price": "6.49",
   "description": "11.3 oz�",
   "image": "https://d2lnr5mha7bycj.cloudfront.net/product-image/file/large_9a153b1e-1d3b-4c54-85a7-7f6e5b217b02.jpg",
   "Image 2": "",
   "Product Link": "https://www.instacart.com/store/items/4557108?source1=aisle&source2=574&source3=574&impressionId=2971dde1-6ef6-4225-8874-21089a7c6382",
   "FIELD9": ""
 },
 {
   "category": "Frozen",
   "subcategory": "Frozen Dessert",
   "name": "Daiya Chocolate Style Cheesecake\n",
   "price": "8.99",
   "description": "14.1 oz�",
   "image": "https://d2lnr5mha7bycj.cloudfront.net/product-image/file/large_c16f6cd5-b558-414f-8d3a-569c88041cb0.jpg",
   "Image 2": "",
   "Product Link": "https://www.instacart.com/store/items/11921372?source1=aisle&source2=574&source3=574&impressionId=2baa5271-94c3-45d2-84c1-0e00f1a60155",
   "FIELD9": ""
 },
 {
   "category": "Frozen",
   "subcategory": "Frozen Dessert",
   "name": "New Barn Non Dairy Almond Creme Coffee Ice Cream\n",
   "price": "6.99",
   "description": "14 oz�",
   "image": "https://d2lnr5mha7bycj.cloudfront.net/product-image/file/large_8c460490-03f9-440e-95c9-ed5d6a990b05.jpg",
   "Image 2": "",
   "Product Link": "https://www.instacart.com/store/items/31672154?source1=aisle&source2=574&source3=574&impressionId=2c50ca1b-b0c1-41d5-ac04-e691bdb6b6c2",
   "FIELD9": ""
 },
 {
   "category": "Frozen",
   "subcategory": "Frozen Dessert",
   "name": "Piping Gourmet Whoopie Pie Chocolate & Vanilla 4 Pk\n",
   "price": "7.49",
   "description": "8 oz�",
   "image": "https://d2lnr5mha7bycj.cloudfront.net/product-image/file/large_f4ada5c8-e571-40af-b80a-5860ec34882e.jpg",
   "Image 2": "",
   "Product Link": "https://www.instacart.com/store/items/16687355?source1=aisle&source2=574&source3=574&impressionId=a4b03529-78b1-4eeb-b8cc-4d1a18b8fca0",
   "FIELD9": ""
 },
 {
   "category": "Frozen",
   "subcategory": "Frozen Dessert",
   "name": "Kikka Sushi Mochi Coconut Cream Sampler\n",
   "price": "4.99",
   "description": "4 ct",
   "image": "https://d2lnr5mha7bycj.cloudfront.net/product-image/file/large_4500d470-0757-4f86-a54f-a47378422a79.jpg",
   "Image 2": "",
   "Product Link": "https://www.instacart.com/store/items/84583562?source1=aisle&source2=574&source3=574&impressionId=0ae2f57b-8e9b-487e-89cd-5a5decee68ba",
   "FIELD9": ""
 },
 {
   "category": "Frozen",
   "subcategory": "Frozen Dessert",
   "name": "Whole Foods Market Gluten Free Cherry Pie\n",
   "price": "14.99",
   "description": "28 oz�",
   "image": "https://d2lnr5mha7bycj.cloudfront.net/product-image/file/large_080d5d2f-fc1e-4fa0-ba56-e375bae70321.jpg",
   "Image 2": "",
   "Product Link": "https://www.instacart.com/store/items/4497973?source1=aisle&source2=574&source3=574&impressionId=732da6c5-b0c7-452f-9276-68652668dc89",
   "FIELD9": ""
 },
 {
   "category": "Frozen",
   "subcategory": "Frozen Dessert",
   "name": "Piping Gourmets Gluten-Free and Dairy-Free Whoopie Pies, Chocolate Mint\n",
   "price": "7.49",
   "description": "6 x 2 oz ea�",
   "image": "https://d2lnr5mha7bycj.cloudfront.net/product-image/file/large_1fe4bfb7-635f-43db-9470-a252bcc94d87.jpg",
   "Image 2": "",
   "Product Link": "https://www.instacart.com/store/items/32380722?source1=aisle&source2=574&source3=574&impressionId=4693c790-e23d-460f-8339-77ac9181658b",
   "FIELD9": ""
 },
 {
   "category": "Frozen",
   "subcategory": "Frozen Dessert",
   "name": "Ciao Bella Lemon Zest Sorbet\n",
   "price": "5.99",
   "description": "1.0 pt�",
   "image": "https://d2lnr5mha7bycj.cloudfront.net/product-image/file/large_d822fe9d-276b-4536-8dc0-fcd46570eec4.jpg",
   "Image 2": "",
   "Product Link": "https://www.instacart.com/store/items/84823707?source1=aisle&source2=574&source3=574&impressionId=786cc0af-7e17-49c0-85d9-4e78783d2222",
   "FIELD9": ""
 },
 {
   "category": "Frozen",
   "subcategory": "Frozen Dessert",
   "name": "Natural Nectar Macarons Frozen\n",
   "price": "8.99",
   "description": "3.5 oz�",
   "image": "https://d2lnr5mha7bycj.cloudfront.net/product-image/file/large_9fbe8f6c-9e9e-4623-88ca-b51cd6531038.jpg",
   "Image 2": "",
   "Product Link": "https://www.instacart.com/store/items/32193023?source1=aisle&source2=574&source3=574&impressionId=ef2eb44f-de53-46a2-a078-c55e94a99478",
   "FIELD9": ""
 },
 {
   "category": "Frozen",
   "subcategory": "Frozen Dessert",
   "name": "Silly Zak's Gluten Free Foods Gluten Free Pie Crust Two 9\" Shells\n",
   "price": "6.99",
   "description": "11.6 oz�",
   "image": "https://d2lnr5mha7bycj.cloudfront.net/product-image/file/large_48840b5c-e2af-44e0-a58a-b4da83c32233.png",
   "Image 2": "",
   "Product Link": "https://www.instacart.com/store/items/4500432?source1=aisle&source2=574&source3=574&impressionId=323176a1-5c9a-45fd-96cf-ce04de7af151",
   "FIELD9": ""
 },
 {
   "category": "Frozen",
   "subcategory": "Frozen Dessert",
   "name": "Remlinger's Farm Marion Blackberries\n",
   "price": "15.99",
   "description": "3 lbs�",
   "image": "",
   "Image 2": "",
   "Product Link": "https://www.instacart.com/store/items/4480280?source1=aisle&source2=574&source3=574&impressionId=03f2707c-0cf6-48e4-8eed-85fe9a83a358",
   "FIELD9": ""
 },
 {
   "category": "Frozen",
   "subcategory": "Frozen Dessert",
   "name": "Silly Zak's Marion Berry Pie Made Without Gluten\n",
   "price": "12.99",
   "description": "https://d2lnr5mha7bycj.cloudfront.net/product-image/file/large_95c942a4-4d47-491d-9ce8-0b9fc5c2d75e.png",
   "image": "",
   "Image 2": "",
   "Product Link": "https://www.instacart.com/store/items/4587219?source1=aisle&source2=574&source3=574&impressionId=3fa89cf1-3831-45aa-ba60-e8bc7b98bdb9",
   "FIELD9": ""
 },
 {
   "category": "Frozen",
   "subcategory": "Ice Cream & Ice",
   "name": "365 Ice Cream Sandwiches Vanilla",
   "price": "4.99",
   "description": "6 x 3.65 oz ",
   "image": "https://d2lnr5mha7bycj.cloudfront.net/product-image/file/large_7605a1ae-a0d1-450a-a357-03ed2eb1f75f.jpg",
   "Image 2": "",
   "Product Link": "https://www.instacart.com/store/items/21940262?source1=aisle&source2=573&source3=573&impressionId=72e3ad12-7609-49dd-b7c9-cd2a26408688",
   "FIELD9": ""
 },
 {
   "category": "Frozen",
   "subcategory": "Ice Cream & Ice",
   "name": "365 Ice Cream Sandwiches Vanilla",
   "price": "4.99",
   "description": "6 x 3.65 oz ",
   "image": "https://d2lnr5mha7bycj.cloudfront.net/product-image/file/large_7605a1ae-a0d1-450a-a357-03ed2eb1f75f.jpg",
   "Image 2": "",
   "Product Link": "https://www.instacart.com/store/items/21940262?source1=aisle&source2=573&source3=573&impressionId=72e3ad12-7609-49dd-b7c9-cd2a26408688",
   "FIELD9": ""
 },
 {
   "category": "Frozen",
   "subcategory": "Ice Cream & Ice",
   "name": "Halo Top Creamery Birthday Cakepint ",
   "price": "5.99",
   "description": "",
   "image": "https://d2lnr5mha7bycj.cloudfront.net/product-image/file/large_dc089a00-7874-4e2a-b644-d48c8bf0628e.jpg",
   "Image 2": "",
   "Product Link": "https://www.instacart.com/store/items/28016799?source1=aisle&source2=573&source3=573&impressionId=279a7c8e-436c-4bc1-bfbb-01ca6b080fb2",
   "FIELD9": ""
 },
 {
   "category": "Frozen",
   "subcategory": "Ice Cream & Ice",
   "name": "365 Citrus Pop Ups",
   "price": "3.99",
   "description": "6 x 3 fl oz ",
   "image": "https://d2lnr5mha7bycj.cloudfront.net/product-image/file/large_0f5e6de9-051b-4f1f-8181-47d652fd1157.jpg",
   "Image 2": "",
   "Product Link": "https://www.instacart.com/store/items/4492234?source1=aisle&source2=573&source3=573&impressionId=7a5884bc-719e-4fc8-9574-7834038c6356",
   "FIELD9": ""
 },
 {
   "category": "Frozen",
   "subcategory": "Ice Cream & Ice",
   "name": "365 Organic Vanilla Bean Ice Cream",
   "price": "3.99",
   "description": "1 qt ",
   "image": "https://d2lnr5mha7bycj.cloudfront.net/product-image/file/large_98c46e8c-e30c-41f4-bb88-15a8e97b9fde.jpg",
   "Image 2": "",
   "Product Link": "https://www.instacart.com/store/items/4514223?source1=aisle&source2=573&source3=573&impressionId=449e5411-929d-4088-b56b-4e933afd48d2",
   "FIELD9": ""
 },
 {
   "category": "Frozen",
   "subcategory": "Ice Cream & Ice",
   "name": "Halo Top Creamery Mint Chip\n",
   "price": "5.99",
   "description": "16 oz�",
   "image": "https://d2lnr5mha7bycj.cloudfront.net/product-image/file/large_eaa99fb0-1625-4d76-a8f6-24c5c2e634bc.jpg",
   "Image 2": "",
   "Product Link": "https://www.instacart.com/store/items/16827212?source1=aisle&source2=573&source3=573&impressionId=7a3f6134-a547-4a5e-ba10-2120e7dd32bf",
   "FIELD9": ""
 },
 {
   "category": "Frozen",
   "subcategory": "Ice Cream & Ice",
   "name": "365 Mango Fruit Bars\n",
   "price": "2.29",
   "description": "4 x 4 fl oz�",
   "image": "https://d2lnr5mha7bycj.cloudfront.net/product-image/file/large_7300f56a-c0b7-4b51-9b72-2ac63461d7ab.jpg",
   "Image 2": "",
   "Product Link": "https://www.instacart.com/store/items/4482568?source1=aisle&source2=573&source3=573&impressionId=4ffba34c-8925-4d65-80cf-4bf4469c92b0",
   "FIELD9": ""
 },
 {
   "category": "Frozen",
   "subcategory": "Ice Cream & Ice",
   "name": "Halo Top Creamery Chocolate\n",
   "price": "5.99",
   "description": "1 pt�",
   "image": "https://d2lnr5mha7bycj.cloudfront.net/product-image/file/large_42cb86e6-df6e-4ec6-afd9-fe75ec653722.jpg",
   "Image 2": "",
   "Product Link": "https://www.instacart.com/store/items/18597652?source1=aisle&source2=573&source3=573&impressionId=2520bd6e-30a5-4301-9ede-be0d2435b770",
   "FIELD9": ""
 },
 {
   "category": "Frozen",
   "subcategory": "Ice Cream & Ice",
   "name": "Talenti Mediterranean Mint Gelato\n",
   "price": "5.79",
   "description": "16 fl oz�",
   "image": "https://d2lnr5mha7bycj.cloudfront.net/product-image/file/large_c65bcc96-a44e-407c-be09-c76dd052b898.jpg",
   "Image 2": "",
   "Product Link": "https://www.instacart.com/store/items/4509339?source1=aisle&source2=573&source3=573&impressionId=c3a214d7-fe78-4d14-977a-2085c7f2383d",
   "FIELD9": ""
 },
 {
   "category": "Frozen",
   "subcategory": "Ice Cream & Ice",
   "name": "Talenti Tahitian Vanilla Bean Gelato\n",
   "price": "5.79",
   "description": "1 pt�",
   "image": "https://d2lnr5mha7bycj.cloudfront.net/product-image/file/large_23322c6c-3749-4280-925a-a2e858053211.jpg",
   "Image 2": "",
   "Product Link": "https://www.instacart.com/store/items/4571614?source1=aisle&source2=573&source3=573&impressionId=31fd8c03-8867-4ff6-8b09-4cf39308e264",
   "FIELD9": ""
 },
 {
   "category": "Frozen",
   "subcategory": "Ice Cream & Ice",
   "name": "365 Coconut Fruit Bars\n",
   "price": "2.29",
   "description": "4 x 4 fl oz�",
   "image": "https://d2lnr5mha7bycj.cloudfront.net/product-image/file/large_8c88dd7a-c1e3-42a6-a992-135f9eeeec68.jpg",
   "Image 2": "",
   "Product Link": "https://www.instacart.com/store/items/4482402?source1=aisle&source2=573&source3=573&impressionId=90086274-4a2e-43b7-a82f-e80e69817748",
   "FIELD9": ""
 },
 {
   "category": "Frozen",
   "subcategory": "Ice Cream & Ice",
   "name": "Talenti Caramel Cookie Crunch Gelato\n",
   "price": "5.79",
   "description": "16 fl oz�",
   "image": "https://d2lnr5mha7bycj.cloudfront.net/product-image/file/large_2dc33bba-14b7-49aa-b6cf-67a6797ea40d.jpg",
   "Image 2": "",
   "Product Link": "https://www.instacart.com/store/items/21685870?source1=aisle&source2=573&source3=573&impressionId=5bdd41fe-ef07-4b89-b09c-fc7ae05390da",
   "FIELD9": ""
 },
 {
   "category": "Frozen",
   "subcategory": "Ice Cream & Ice",
   "name": "Ben & Jerry's Chocolate Chip Cookie Dough Ice Cream",
   "price": "4.99",
   "description": "pint�",
   "image": "https://d2lnr5mha7bycj.cloudfront.net/product-image/file/large_3b86ee52-bfbf-42a3-b5d1-6d5d7906ab5a.jpg",
   "Image 2": "",
   "Product Link": "https://www.instacart.com/store/items/4487845?source1=aisle&source2=573&source3=573&impressionId=1a4cd9be-532c-4bfa-909a-48273dea8bec",
   "FIELD9": ""
 },
 {
   "category": "Frozen",
   "subcategory": "Ice Cream & Ice",
   "name": "365 Organic Strawberry Greek Yogurt Low Fat Dessert Bars\n",
   "price": "3.99",
   "description": "4 x 2.5 fl oz�",
   "image": "https://d2lnr5mha7bycj.cloudfront.net/product-image/file/large_8aefbb10-df75-4019-9d78-ab1be241fd28.jpg",
   "Image 2": "",
   "Product Link": "https://www.instacart.com/store/items/26140592?source1=aisle&source2=573&source3=573&impressionId=328f8312-005d-49b4-9ed1-b512ab540efc",
   "FIELD9": ""
 },
 {
   "category": "Frozen",
   "subcategory": "Ice Cream & Ice",
   "name": "Talenti Sea Salt Caramel Gelato\n",
   "price": "5.79",
   "description": "16 fl oz�",
   "image": "https://d2lnr5mha7bycj.cloudfront.net/product-image/file/large_75a7d64d-b476-48ce-a80a-26d38d7cea98.jpg",
   "Image 2": "",
   "Product Link": "https://www.instacart.com/store/items/4523751?source1=aisle&source2=573&source3=573&impressionId=adedfb07-ee4c-409d-b770-462e90a6e5c6",
   "FIELD9": ""
 },
 {
   "category": "Frozen",
   "subcategory": "Ice Cream & Ice",
   "name": "Ben & Jerry's Americone Dream Ice Cream\n",
   "price": "4.99",
   "description": "1 pt�",
   "image": "https://d2lnr5mha7bycj.cloudfront.net/product-image/file/large_bb300cd5-df59-410a-914d-40fa73172e56.jpg",
   "Image 2": "",
   "Product Link": "https://www.instacart.com/store/items/4487011?source1=aisle&source2=573&source3=573&impressionId=3e584d43-f3b4-4afd-be4c-d1bfa1034582",
   "FIELD9": ""
 },
 {
   "category": "Frozen",
   "subcategory": "Ice Cream & Ice",
   "name": "365 Frozen Lime Fruit Bars\n",
   "price": "2.29",
   "description": "4 x 4 fl oz�",
   "image": "https://d2lnr5mha7bycj.cloudfront.net/product-image/file/large_b24d5971-8686-4875-9bd0-662fcfdabbaf.jpg",
   "Image 2": "",
   "Product Link": "https://www.instacart.com/store/items/4482468?source1=aisle&source2=573&source3=573&impressionId=be20859f-2026-4278-b1d5-b5f68a1e4124",
   "FIELD9": ""
 },
 {
   "category": "Frozen",
   "subcategory": "Ice Cream & Ice",
   "name": "Talenti Chocolate Peanut Butter Cup Gelato\n",
   "price": "5.79",
   "description": "16 fl oz�",
   "image": "https://d2lnr5mha7bycj.cloudfront.net/product-image/file/large_78545e25-0f41-42be-ad26-4fb38b17f7c5.jpg",
   "Image 2": "",
   "Product Link": "https://www.instacart.com/store/items/4563332?source1=aisle&source2=573&source3=573&impressionId=9f0120d0-992b-4d6f-861a-5aeed318bc53",
   "FIELD9": ""
 },
 {
   "category": "Frozen",
   "subcategory": "Ice Cream & Ice",
   "name": "365 Fudge Bars\n",
   "price": "4.49",
   "description": "4 x 2.5 fl oz�",
   "image": "https://d2lnr5mha7bycj.cloudfront.net/product-image/file/large_838fd1ad-deb8-45ed-b88d-e7bc2c1e2869.jpg",
   "Image 2": "",
   "Product Link": "https://www.instacart.com/store/items/4482144?source1=aisle&source2=573&source3=573&impressionId=2f79b94b-9358-4d55-9b3c-161341854c81",
   "FIELD9": ""
 },
 {
   "category": "Frozen",
   "subcategory": "Ice Cream & Ice",
   "name": "Halo Top Creamery Strawberry\n",
   "price": "5.99",
   "description": "1 pt�",
   "image": "https://d2lnr5mha7bycj.cloudfront.net/product-image/file/large_721e96e1-08ff-43ac-af44-04db6d37f86e.jpg",
   "Image 2": "",
   "Product Link": "https://www.instacart.com/store/items/19061584?source1=aisle&source2=573&source3=573&impressionId=b50bce5c-9695-4cc5-b7ef-950a201335b1",
   "FIELD9": ""
 },
 {
   "category": "Frozen",
   "subcategory": "Frozen Juice",
   "name": "Sambazon Organic Acai Berry Smoothie Packs",
   "price": "6.99",
   "description": "4 x 3.5 oz ",
   "image": "https://d2lnr5mha7bycj.cloudfront.net/product-image/file/large_26dbc6ef-e791-4bfb-9aa5-8df4a80d37bf.jpg",
   "Image 2": "",
   "Product Link": "https://www.instacart.com/store/items/22193248?source1=aisle&source2=1351&source3=1351&impressionId=e9c41c83-f968-47b3-a633-eaf29fc9ec95",
   "FIELD9": ""
 },
 {
   "category": "Frozen",
   "subcategory": "Frozen Juice",
   "name": "Sambazon Organic Original Acai Berry + Guarana Smoothie Packs",
   "price": "6.99",
   "description": "4 x 3.53 oz ",
   "image": "https://d2lnr5mha7bycj.cloudfront.net/product-image/file/large_b117ac58-0a26-46aa-92fc-a34b65471480.jpg",
   "Image 2": "",
   "Product Link": "https://www.instacart.com/store/items/23804967?source1=aisle&source2=1351&source3=1351&impressionId=ee3e4b98-da78-40f5-be87-3e9d6c4a803a",
   "FIELD9": ""
 },
 {
   "category": "Frozen",
   "subcategory": "Frozen Juice",
   "name": "Cascadian Farm Organic Frozen Concentrate Lemonade",
   "price": "4.99",
   "description": "12 fl oz ",
   "image": "https://d2lnr5mha7bycj.cloudfront.net/product-image/file/large_518d4b69-7065-4c49-93d5-6f9bebc0d822.jpg",
   "Image 2": "",
   "Product Link": "https://www.instacart.com/store/items/4489417?source1=aisle&source2=1351&source3=1351&impressionId=807201a9-7f4f-4afa-a80b-fd5a8d29b816",
   "FIELD9": ""
 },
 {
   "category": "Frozen",
   "subcategory": "Frozen Juice",
   "name": "Cascadian Farm Organic Apple Frozen Concentrate 100% Juice",
   "price": "4.99",
   "description": "12 fl oz ",
   "image": "https://d2lnr5mha7bycj.cloudfront.net/product-image/file/large_0b6678ef-3b91-472c-8af0-3554faf28d67.jpg",
   "Image 2": "",
   "Product Link": "https://www.instacart.com/store/items/31673290?source1=aisle&source2=1351&source3=1351&impressionId=18577c60-ff65-48ef-bb03-96973da1451f",
   "FIELD9": ""
 },
 {
   "category": "Frozen",
   "subcategory": "Frozen Juice",
   "name": "Cascadian Farm Organic Cranberry Frozen Concentrate Juice Cocktail",
   "price": "4.99",
   "description": "12 fl oz ",
   "image": "https://d2lnr5mha7bycj.cloudfront.net/product-image/file/large_af5808c3-9e0d-482a-a38d-d570fef44bda.JPG",
   "Image 2": "",
   "Product Link": "https://www.instacart.com/store/items/4519323?source1=aisle&source2=1351&source3=1351&impressionId=19072982-c93f-4b2e-b6f3-b6ef41744724",
   "FIELD9": ""
 },
 {
   "category": "Frozen",
   "subcategory": "Frozen Juice",
   "name": "Cascadian Farm Organic Cranberry Frozen Concentrate Juice Cocktail\n",
   "price": "4.99",
   "description": "12 fl oz�",
   "image": "https://d2lnr5mha7bycj.cloudfront.net/product-image/file/large_af5808c3-9e0d-482a-a38d-d570fef44bda.JPG",
   "Image 2": "",
   "Product Link": "https://www.instacart.com/store/items/4519323?source1=aisle&source2=1351&source3=1351&impressionId=a861d7f5-2ca8-4f53-a8d9-8ca2013f2223",
   "FIELD9": ""
 },
 {
   "category": "Frozen",
   "subcategory": "Frozen Juice",
   "name": "Cascadian Farm Organic Apple Frozen Concentrate 100% Juice",
   "price": "4.99",
   "description": "12 fl oz ",
   "image": "https://d2lnr5mha7bycj.cloudfront.net/product-image/file/large_0b6678ef-3b91-472c-8af0-3554faf28d67.jpg",
   "Image 2": "",
   "Product Link": "https://www.instacart.com/store/items/31673290?source1=aisle&source2=1351&source3=1351&impressionId=18577c60-ff65-48ef-bb03-96973da1451f",
   "FIELD9": ""
 },
 {
   "category": "Frozen",
   "subcategory": "Frozen Juice",
   "name": "Cascadian Farm Organic Cranberry Frozen Concentrate Juice Cocktail",
   "price": "4.99",
   "description": "12 fl oz ",
   "image": "https://d2lnr5mha7bycj.cloudfront.net/product-image/file/large_af5808c3-9e0d-482a-a38d-d570fef44bda.JPG",
   "Image 2": "",
   "Product Link": "https://www.instacart.com/store/items/4519323?source1=aisle&source2=1351&source3=1351&impressionId=19072982-c93f-4b2e-b6f3-b6ef41744724",
   "FIELD9": ""
 },
 {
   "category": "Beverages",
   "subcategory": "Water, Seltzer & Sparkling Water",
   "name": "Pellegrino Sparkling Natural Mineral Water",
   "price": "2.49",
   "description": "25.3 fl oz ",
   "image": "https://d2lnr5mha7bycj.cloudfront.net/product-image/file/large_843ec982-bae6-4cc5-acd3-dd2c16d09670.jpg",
   "Image 2": "",
   "Product Link": "https://www.instacart.com/store/items/4478966?source1=aisle&source2=542&source3=542&impressionId=585ed543-8796-4897-9f58-5e4c90abe167",
   "FIELD9": ""
 },
 {
   "category": "Beverages",
   "subcategory": "Water, Seltzer & Sparkling Water",
   "name": "Pellegrino Sparkling Natural Mineral Water",
   "price": "5.99",
   "description": "6 x 8.45 fl oz ",
   "image": "https://d2lnr5mha7bycj.cloudfront.net/product-image/file/large_7a4d5e99-f1c5-4dd9-afdf-e1280f421adb.jpg",
   "Image 2": "",
   "Product Link": "https://www.instacart.com/store/items/10253621?source1=aisle&source2=542&source3=542&impressionId=c6a4be37-0fbb-47e7-9085-970f962fe442",
   "FIELD9": ""
 },
 {
   "category": "Beverages",
   "subcategory": "Water, Seltzer & Sparkling Water",
   "name": "Perrier Sparkling Natural Mineral Water",
   "price": "1.69",
   "description": "25.3 fl oz ",
   "image": "https://d2lnr5mha7bycj.cloudfront.net/product-image/file/large_2afcd91d-3210-4917-8b9d-a22e7912e3af.JPG",
   "Image 2": "",
   "Product Link": "https://www.instacart.com/store/items/21090339?source1=aisle&source2=542&source3=542&impressionId=0c3f2ee0-a05d-48f5-87cf-904c29d32484",
   "FIELD9": ""
 },
 {
   "category": "Beverages",
   "subcategory": "Water, Seltzer & Sparkling Water",
   "name": "LaCroix Sparkling Water Grapefruit",
   "price": "4.99",
   "description": "12 x 12 fl oz ",
   "image": "https://d2lnr5mha7bycj.cloudfront.net/product-image/file/large_fd61dfbb-6d01-4611-9a80-cc43e6d3deba.jpg",
   "Image 2": "",
   "Product Link": "https://www.instacart.com/store/items/4532539?source1=aisle&source2=542&source3=542&impressionId=1b0271cc-911a-412f-90d4-883846d8d830",
   "FIELD9": ""
 },
 {
   "category": "Beverages",
   "subcategory": "Water, Seltzer & Sparkling Water",
   "name": "365 Everyday Value Spring Water",
   "price": "4.99",
   "description": "24 x 16.9 fl oz ",
   "image": "https://d2lnr5mha7bycj.cloudfront.net/product-image/file/large_6a371c1f-6a91-473a-af42-8dc3255cfc7b.jpg",
   "Image 2": "",
   "Product Link": "https://www.instacart.com/store/items/4484360?source1=aisle&source2=542&source3=542&impressionId=23e843b3-a99c-40ab-8a64-79a3075815b3",
   "FIELD9": ""
 },
 {
   "category": "Beverages",
   "subcategory": "Water, Seltzer & Sparkling Water",
   "name": "365 Spring Water",
   "price": "1.39",
   "description": "1 gal ",
   "image": "https://d2lnr5mha7bycj.cloudfront.net/product-image/file/large_45ecc7d9-aacf-4457-9d95-f586447dc4a3.jpg",
   "Image 2": "",
   "Product Link": "https://www.instacart.com/store/items/4484238?source1=aisle&source2=542&source3=542&impressionId=a04a8def-487e-4cb5-ad06-94cc67d6e043",
   "FIELD9": ""
 },
 {
   "category": "Beverages",
   "subcategory": "Water, Seltzer & Sparkling Water",
   "name": "LaCroix Natural Lime Sparkling Water",
   "price": "4.99",
   "description": "12 x 12 fl oz ",
   "image": "https://d2lnr5mha7bycj.cloudfront.net/product-image/file/large_8d5b61dc-f248-4f8d-8b59-f1830c622f54.jpg",
   "Image 2": "",
   "Product Link": "https://www.instacart.com/store/items/4532152?source1=aisle&source2=542&source3=542&impressionId=bbb86ff4-538e-4996-a146-7c714da76cfc",
   "FIELD9": ""
 },
 {
   "category": "Beverages",
   "subcategory": "Water, Seltzer & Sparkling Water",
   "name": "LaCroix Natural Lemon Sparkling Water",
   "price": "4.99",
   "description": "12 x 12 fl oz ",
   "image": "https://d2lnr5mha7bycj.cloudfront.net/product-image/file/large_5f203e69-f915-4267-8bc6-c1f2397705fa.jpg",
   "Image 2": "",
   "Product Link": "https://www.instacart.com/store/items/4531763?source1=aisle&source2=542&source3=542&impressionId=8bffad5f-5b95-4364-9361-e3943dfbbd04",
   "FIELD9": ""
 },
 {
   "category": "Beverages",
   "subcategory": "Water, Seltzer & Sparkling Water",
   "name": "LaCroix Natural Pure Sparkling Water",
   "price": "4.99",
   "description": "12 x 12 fl oz ",
   "image": "https://d2lnr5mha7bycj.cloudfront.net/product-image/file/large_9e9cb246-2280-4966-a3a8-948d936fa9e4.jpg",
   "Image 2": "",
   "Product Link": "https://www.instacart.com/store/items/4531546?source1=aisle&source2=542&source3=542&impressionId=70860031-e0e2-4373-a253-0f6eb4458207",
   "FIELD9": ""
 },
 {
   "category": "Beverages",
   "subcategory": "Water, Seltzer & Sparkling Water",
   "name": "365 Spring Water",
   "price": "3.69",
   "description": "2.5 gal ",
   "image": "https://d2lnr5mha7bycj.cloudfront.net/product-image/file/large_538493d4-6d1f-4b55-9a21-04e07009208b.jpg",
   "Image 2": "",
   "Product Link": "https://www.instacart.com/store/items/43678935?source1=aisle&source2=542&source3=542&impressionId=3ed7fafe-efd8-4cfb-84fd-086af569f9b5",
   "FIELD9": ""
 },
 {
   "category": "Beverages",
   "subcategory": "Water, Seltzer & Sparkling Water",
   "name": "LaCroix Natural Peach-Pear Sparkling Water",
   "price": "4.99",
   "description": "12 x 12 fl oz ",
   "image": "https://d2lnr5mha7bycj.cloudfront.net/product-image/file/large_e9cd4e6d-1996-46d9-a5c6-cf519bd358c4.jpg",
   "Image 2": "",
   "Product Link": "https://www.instacart.com/store/items/4533920?source1=aisle&source2=542&source3=542&impressionId=5b877464-aad1-404c-81c2-50931903ea7d",
   "FIELD9": ""
 },
 {
   "category": "Beverages",
   "subcategory": "Water, Seltzer & Sparkling Water",
   "name": "Whole Foods Market Italian Sparkling Mineral Water",
   "price": "5.89",
   "description": "6 x 1 l ",
   "image": "https://d2lnr5mha7bycj.cloudfront.net/product-image/file/large_dee1fd92-b01e-4e7d-ba44-308fc1fc2fd1.jpg",
   "Image 2": "",
   "Product Link": "https://www.instacart.com/store/items/4488134?source1=aisle&source2=542&source3=542&impressionId=c4304067-2113-4238-b52b-b607ce4bd813",
   "FIELD9": ""
 },
 {
   "category": "Beverages",
   "subcategory": "Water, Seltzer & Sparkling Water",
   "name": "365 Distilled Water",
   "price": "1.29",
   "description": "1 gal ",
   "image": "https://d2lnr5mha7bycj.cloudfront.net/product-image/file/large_64875763-2106-4de9-aa2e-20897eeb1cb6.jpg",
   "Image 2": "",
   "Product Link": "https://www.instacart.com/store/items/42640256?source1=aisle&source2=542&source3=542&impressionId=80694deb-aee9-43b1-85d6-64bd7821e35b",
   "FIELD9": ""
 },
 {
   "category": "Beverages",
   "subcategory": "Water, Seltzer & Sparkling Water",
   "name": "LaCroix Berry Sparkling Water",
   "price": "4.99",
   "description": "12 x 12 fl oz ",
   "image": "https://d2lnr5mha7bycj.cloudfront.net/product-image/file/large_5e2ceee8-2353-4857-a033-c6c4673f1982.jpg",
   "Image 2": "",
   "Product Link": "https://www.instacart.com/store/items/6915648?source1=aisle&source2=542&source3=542&impressionId=680fe9be-1bde-4496-90b7-65e2a96df24e",
   "FIELD9": ""
 },
 {
   "category": "Beverages",
   "subcategory": "Water, Seltzer & Sparkling Water",
   "name": "365 Electrolyte Enhanced Water",
   "price": "1.49",
   "description": "1.5 l ",
   "image": "https://d2lnr5mha7bycj.cloudfront.net/product-image/file/large_80edd965-7226-439a-b550-d280a2432ddc.jpg",
   "Image 2": "",
   "Product Link": "https://www.instacart.com/store/items/4573020?source1=aisle&source2=542&source3=542&impressionId=4456efa1-f1fc-4742-b216-183c65580975",
   "FIELD9": ""
 },
 {
   "category": "Beverages",
   "subcategory": "Water, Seltzer & Sparkling Water",
   "name": "Harmless Harvest Organic 100% Coconut Water",
   "price": "3.49",
   "description": "8.75 fl oz ",
   "image": "https://d2lnr5mha7bycj.cloudfront.net/product-image/file/large_80447d95-5f7b-49a5-9fbc-33d5d3e2eed7.jpg",
   "Image 2": "",
   "Product Link": "https://www.instacart.com/store/items/29465088?source1=aisle&source2=542&source3=542&impressionId=39131906-aa45-4369-925d-68241d542f3f",
   "FIELD9": ""
 },
 {
   "category": "Beverages",
   "subcategory": "Water, Seltzer & Sparkling Water",
   "name": "365 Electrolyte Enhanced Water",
   "price": "1.09",
   "description": "1 l ",
   "image": "https://d2lnr5mha7bycj.cloudfront.net/product-image/file/large_ad8bbb26-5589-49e3-8435-f8489eae0654.jpg",
   "Image 2": "",
   "Product Link": "https://www.instacart.com/store/items/4573016?source1=aisle&source2=542&source3=542&impressionId=4c77a53e-4643-43f5-8451-15c281a81792",
   "FIELD9": ""
 },
 {
   "category": "Beverages",
   "subcategory": "Water, Seltzer & Sparkling Water",
   "name": "LaCroix Curate Mure Pepino Sparkling Water",
   "price": "4.99",
   "description": "8 x 12 fl oz",
   "image": "https://d2lnr5mha7bycj.cloudfront.net/product-image/file/large_d9d5bc60-f270-4b45-850d-346b145da576.jpg",
   "Image 2": "",
   "Product Link": "https://www.instacart.com/store/items/25125995?source1=aisle&source2=542&source3=542&impressionId=a36680e6-c2c2-4dce-b25c-3871207c44f8",
   "FIELD9": ""
 },
 {
   "category": "Beverages",
   "subcategory": "Water, Seltzer & Sparkling Water",
   "name": "Whole Foods Market Italian Sparkling Mineral Water",
   "price": "1.25",
   "description": "1 l ",
   "image": "https://d2lnr5mha7bycj.cloudfront.net/product-image/file/large_929ff99e-324a-453a-852d-a309335423ad.jpg",
   "Image 2": "",
   "Product Link": "https://www.instacart.com/store/items/21895614?source1=aisle&source2=542&source3=542&impressionId=d3dbd7cc-e300-4bf2-bc49-2d2392e55f50",
   "FIELD9": ""
 },
 {
   "category": "Beverages",
   "subcategory": "Water, Seltzer & Sparkling Water",
   "name": "Fiji Natural Artesian Water",
   "price": "6.59",
   "description": "6 x 500 ml ",
   "image": "https://d2lnr5mha7bycj.cloudfront.net/product-image/file/large_d1236b23-833e-452d-9c3b-aac9ebe819a8.jpg",
   "Image 2": "",
   "Product Link": "https://www.instacart.com/store/items/4527753?source1=aisle&source2=542&source3=542&impressionId=9faea2ed-861f-47b3-9a54-c76469e4ee5b",
   "FIELD9": ""
 },
 {
   "category": "Beverages",
   "subcategory": "Refrigerated",
   "name": "Naked Juice Green Machine Chilled Juice",
   "price": "7.99",
   "description": "64 fl oz ",
   "image": "https://d2lnr5mha7bycj.cloudfront.net/product-image/file/large_4ed8457f-0970-409f-9f90-d799905743a8.jpg",
   "Image 2": "",
   "Product Link": "https://www.instacart.com/store/items/4486055?source1=aisle&source2=600&source3=600&impressionId=f9305e11-ecef-439c-9bcf-6bf9b22eafe7",
   "FIELD9": ""
 },
 {
   "category": "Beverages",
   "subcategory": "Refrigerated",
   "name": "Naked Juice Mighty Mango Chilled Juice",
   "price": "3.29",
   "description": "15.2 fl oz ",
   "image": "https://d2lnr5mha7bycj.cloudfront.net/product-image/file/large_09fb525e-56e9-44ec-af74-f08f52eb45f8.jpg",
   "Image 2": "",
   "Product Link": "https://www.instacart.com/store/items/4486381?source1=aisle&source2=600&source3=600&impressionId=a875bcfa-248f-40aa-a0ae-553f434fee85",
   "FIELD9": ""
 },
 {
   "category": "Beverages",
   "subcategory": "Refrigerated",
   "name": "Naked Juice Green Machine Chilled Juice",
   "price": "3.29",
   "description": "15.2 fl oz ",
   "image": "https://d2lnr5mha7bycj.cloudfront.net/product-image/file/large_93dcb8a2-2671-4885-bf55-e1dda56411c1.jpg",
   "Image 2": "",
   "Product Link": "https://www.instacart.com/store/items/4486174?source1=aisle&source2=600&source3=600&impressionId=b946bb91-268a-4936-8618-01be64d99d04",
   "FIELD9": ""
 },
 {
   "category": "Beverages",
   "subcategory": "Refrigerated",
   "name": "365 Organic No Pulp Orange Juice",
   "price": "4.99",
   "description": "64 fl oz ",
   "image": "https://d2lnr5mha7bycj.cloudfront.net/product-image/file/large_e901125e-2496-4c09-a9c4-b4ce04b86722.jpg",
   "Image 2": "",
   "Product Link": "https://www.instacart.com/store/items/4564331?source1=aisle&source2=600&source3=600&impressionId=8cd7580a-0cf2-40a0-95e2-ed8cf5369049",
   "FIELD9": ""
 },
 {
   "category": "Beverages",
   "subcategory": "Refrigerated",
   "name": "365 Florida No Pulp Orange Juice",
   "price": "2.99",
   "description": "64 fl oz ",
   "image": "https://d2lnr5mha7bycj.cloudfront.net/product-image/file/large_7c017a1d-dad0-4158-92d1-ebe23aa84891.jpg",
   "Image 2": "",
   "Product Link": "https://www.instacart.com/store/items/4473159?source1=aisle&source2=600&source3=600&impressionId=5eec5326-f58d-4b20-8a9e-64887c0885e1",
   "FIELD9": ""
 },
 {
   "category": "Beverages",
   "subcategory": "Refrigerated",
   "name": "Harmless Harvest Harmless Coconut Water",
   "price": "5.99",
   "description": "16 oz ",
   "image": "https://d2lnr5mha7bycj.cloudfront.net/product-image/file/large_89065646-38f1-42c6-81f5-ebfa5f2099c0.jpg",
   "Image 2": "",
   "Product Link": "https://www.instacart.com/store/items/4538255?source1=aisle&source2=600&source3=600&impressionId=26acc065-163f-4c6a-bab3-2ab281ee12eb",
   "FIELD9": ""
 },
 {
   "category": "Beverages",
   "subcategory": "Refrigerated",
   "name": "GT's Organic Raw Kombucha Gingerade",
   "price": "3.49",
   "description": "16 fl oz ",
   "image": "https://d2lnr5mha7bycj.cloudfront.net/product-image/file/large_902ae98f-a9a7-4076-8c48-cb5f0fb8b525.jpeg",
   "Image 2": "",
   "Product Link": "https://www.instacart.com/store/items/4460631?source1=aisle&source2=600&source3=600&impressionId=a817a079-5443-4a03-8dd5-c01a02f9e124",
   "FIELD9": ""
 },
 {
   "category": "Beverages",
   "subcategory": "Refrigerated",
   "name": "365 Florida Orange Juice With Calcium & Vitamin D",
   "price": "2.99",
   "description": "64 fl oz ",
   "image": "https://d2lnr5mha7bycj.cloudfront.net/product-image/file/large_f248a65d-5298-4773-a9aa-759b9828e9eb.jpg",
   "Image 2": "",
   "Product Link": "https://www.instacart.com/store/items/4472672?source1=aisle&source2=600&source3=600&impressionId=0f06bd7b-d462-47ce-93d8-758c5070730e",
   "FIELD9": ""
 },
 {
   "category": "Beverages",
   "subcategory": "Refrigerated",
   "name": "GT's Enlightened Synergy Organic Trilogy Raw Kombucha",
   "price": "3.49",
   "description": "16 fl oz ",
   "image": "https://d2lnr5mha7bycj.cloudfront.net/product-image/file/large_52b78c15-4494-413f-9c47-8517462b6c4d.jpg",
   "Image 2": "",
   "Product Link": "https://www.instacart.com/store/items/4461550?source1=aisle&source2=600&source3=600&impressionId=e74fab42-883f-4713-96c0-6ac6f9a25d71",
   "FIELD9": ""
 },
 {
   "category": "Beverages",
   "subcategory": "Refrigerated",
   "name": "Simply Beverages Original Pulp Free Orange Juice",
   "price": "3.99",
   "description": "1.75 lt ",
   "image": "https://d2lnr5mha7bycj.cloudfront.net/product-image/file/large_c396a875-e960-4370-af48-e30b9fbbaf8c.jpg",
   "Image 2": "",
   "Product Link": "https://www.instacart.com/store/items/4475787?source1=aisle&source2=600&source3=600&impressionId=ffb0f74f-e20c-4856-9364-a3393ac2454e",
   "FIELD9": ""
 },
 {
   "category": "Beverages",
   "subcategory": "Refrigerated",
   "name": "365 Extra Pulp 100% Florida Orange Juice",
   "price": "2.99",
   "description": "64 oz ",
   "image": "https://d2lnr5mha7bycj.cloudfront.net/product-image/file/large_0d69812f-1ff4-4afd-b4f1-8b82f71ba3b5.jpg",
   "Image 2": "",
   "Product Link": "https://www.instacart.com/store/items/4473067?source1=aisle&source2=600&source3=600&impressionId=b2e3f4e2-da32-4091-acc5-2dceb7985db8",
   "FIELD9": ""
 },
 {
   "category": "Beverages",
   "subcategory": "Refrigerated",
   "name": "365 100% Organic Lime Juice",
   "price": "2.99",
   "description": "8.75 fl oz ",
   "image": "https://d2lnr5mha7bycj.cloudfront.net/product-image/file/large_6752dc01-433e-49a8-9daf-7ad4c41644a2.jpg",
   "Image 2": "",
   "Product Link": "https://www.instacart.com/store/items/4542165?source1=aisle&source2=600&source3=600&impressionId=fba0659e-2b77-4101-9ec9-35df17e9717c",
   "FIELD9": ""
 },
 {
   "category": "Beverages",
   "subcategory": "Refrigerated",
   "name": "Whole Foods Market Freshly Squeezed Organic Orange Juice",
   "price": "6.99",
   "description": "8.75 fl oz ",
   "image": "https://d2lnr5mha7bycj.cloudfront.net/product-image/file/large_40062263-d38d-4b25-a686-da2432734d0f.jpg",
   "Image 2": "",
   "Product Link": "https://www.instacart.com/store/items/22270796?source1=aisle&source2=600&source3=600&impressionId=78ec5e68-5fa1-4def-b8e8-8bcc7fb51f1b",
   "FIELD9": ""
 },
 {
   "category": "Beverages",
   "subcategory": "Refrigerated",
   "name": "GT's Organic & Raw Gingerberry Kombucha",
   "price": "3.49",
   "description": "32 oz ",
   "image": "https://d2lnr5mha7bycj.cloudfront.net/product-image/file/large_61219007-2a23-4813-adb9-a79323aea9a5.jpg",
   "Image 2": "",
   "Product Link": "https://www.instacart.com/store/items/4575969?source1=aisle&source2=600&source3=600&impressionId=9f625d6a-5600-4494-88e7-6adefa0b094c",
   "FIELD9": ""
 },
 {
   "category": "Beverages",
   "subcategory": "Refrigerated",
   "name": "GT's Organic Raw Kombucha Original",
   "price": "3.49",
   "description": "16 fl oz ",
   "image": "https://d2lnr5mha7bycj.cloudfront.net/product-image/file/large_9789389a-8e92-4f88-9398-800db9d6618d.jpg",
   "Image 2": "",
   "Product Link": "https://www.instacart.com/store/items/4575967?source1=aisle&source2=600&source3=600&impressionId=72bc843e-0c9b-4451-a41c-8180a5b4c8af",
   "FIELD9": ""
 },
 {
   "category": "Beverages",
   "subcategory": "Refrigerated",
   "name": "Simply Beverages Lemonade",
   "price": "3.39",
   "description": "16 fl oz ",
   "image": "https://d2lnr5mha7bycj.cloudfront.net/product-image/file/large_bab7eace-89f8-4e1e-a8b2-9c2ba74e32f1.jpg",
   "Image 2": "",
   "Product Link": "https://www.instacart.com/store/items/4475935?source1=aisle&source2=600&source3=600&impressionId=3d529254-3b74-47df-b77a-080b7f88a675",
   "FIELD9": ""
 },
 {
   "category": "Beverages",
   "subcategory": "Refrigerated",
   "name": "GT's Organic & Raw Kombucha Drink Strawberry Serenity",
   "price": "3.49",
   "description": "16 fl oz ",
   "image": "https://d2lnr5mha7bycj.cloudfront.net/product-image/file/large_613e407d-0dcc-4733-b174-d9328c6d40d4.jpg",
   "Image 2": "",
   "Product Link": "https://www.instacart.com/store/items/4572325?source1=aisle&source2=600&source3=600&impressionId=befa9435-dab4-42ca-ba09-bddd90d35bbe",
   "FIELD9": ""
 },
 {
   "category": "Beverages",
   "subcategory": "Refrigerated",
   "name": "Simply Beverages Simply Orange Calcium & Vitamin D Juice",
   "price": "3.99",
   "description": "1.75 lt ",
   "image": "https://d2lnr5mha7bycj.cloudfront.net/product-image/file/large_faf7d172-7c90-4d1f-99d1-043c15806ed7.jpg",
   "Image 2": "",
   "Product Link": "https://www.instacart.com/store/items/4475688?source1=aisle&source2=600&source3=600&impressionId=37de9b8e-663a-49c0-8cc4-09de3248b338",
   "FIELD9": ""
 },
 {
   "category": "Beverages",
   "subcategory": "Refrigerated",
   "name": "GT's Organic & Raw Kombucha Drink Strawberry Serenity",
   "price": "3.49",
   "description": "16 oz ",
   "image": "https://d2lnr5mha7bycj.cloudfront.net/product-image/file/large_613e407d-0dcc-4733-b174-d9328c6d40d4.jpg",
   "Image 2": "",
   "Product Link": "https://www.instacart.com/store/items/4572325?source1=aisle&source2=600&source3=600&impressionId=befa9435-dab4-42ca-ba09-bddd90d35bbe",
   "FIELD9": ""
 },
 {
   "category": "Beverages",
   "subcategory": "Refrigerated",
   "name": "Simply Beverages Simply Orange Calcium & Vitamin D Juice",
   "price": "3.99",
   "description": "59 fl oz ",
   "image": "https://d2lnr5mha7bycj.cloudfront.net/product-image/file/large_faf7d172-7c90-4d1f-99d1-043c15806ed7.jpg",
   "Image 2": "",
   "Product Link": "https://www.instacart.com/store/items/4475688?source1=aisle&source2=600&source3=600&impressionId=37de9b8e-663a-49c0-8cc4-09de3248b338",
   "FIELD9": ""
 },
 {
   "category": "Beverages",
   "subcategory": "Refrigerated",
   "name": "Whole Foods Market Freshly Squeezed Orange Juice",
   "price": "12.99",
   "description": "64 fl oz ",
   "image": "https://d2lnr5mha7bycj.cloudfront.net/product-image/file/large_eadad9fe-093f-4225-8be5-876a7fff2682.jpg",
   "Image 2": "",
   "Product Link": "https://www.instacart.com/store/items/22039860?source1=aisle&source2=600&source3=600&impressionId=df81a1a9-ddfd-43d8-989c-8b9b3d83f991",
   "FIELD9": ""
 },
 {
   "category": "Beverages",
   "subcategory": "Coffee",
   "name": "Stumptown Cold Brew Coffee",
   "price": "3.99",
   "description": "10.5 oz ",
   "image": "https://d2lnr5mha7bycj.cloudfront.net/product-image/file/large_3631fbda-30d9-4ff9-9dc1-32989a8edd48.jpg",
   "Image 2": "",
   "Product Link": "https://www.instacart.com/store/items/4568768?source1=aisle&source2=592&source3=592&impressionId=67b478be-732d-4141-beed-1a57fc3d0db0",
   "FIELD9": ""
 },
 {
   "category": "Beverages",
   "subcategory": "Coffee",
   "name": "Allegro Organic Breakfast Blend Ground Coffee",
   "price": "11.99",
   "description": "",
   "image": "https://d2lnr5mha7bycj.cloudfront.net/product-image/file/large_cb2bedf3-87a1-4707-9e64-d162f25a5155.jpg",
   "Image 2": "",
   "Product Link": "https://www.instacart.com/store/items/4464507?source1=aisle&source2=592&source3=592&impressionId=19f57368-2e37-4a0b-8209-0fac73600b1e",
   "FIELD9": ""
 },
 {
   "category": "Beverages",
   "subcategory": "Coffee",
   "name": "365 Pleasant Morning Buzz Ground Coffee",
   "price": "9.99",
   "description": "24 oz ",
   "image": "https://d2lnr5mha7bycj.cloudfront.net/product-image/file/large_df622121-a831-4381-a7d7-812614fbe75f.jpg",
   "Image 2": "",
   "Product Link": "https://www.instacart.com/store/items/4459708?source1=aisle&source2=592&source3=592&impressionId=e71e7eb7-4941-4b27-9f5f-8b512bf5c143",
   "FIELD9": ""
 },
 {
   "category": "Beverages",
   "subcategory": "Coffee",
   "name": "Chameleon Cold-Brew Organic Coffee Black",
   "price": "10.99",
   "description": "32 fl oz ",
   "image": "https://d2lnr5mha7bycj.cloudfront.net/product-image/file/large_62610ec6-7650-4bbc-8e6c-76f998715260.jpg",
   "Image 2": "",
   "Product Link": "https://www.instacart.com/store/items/21567675?source1=aisle&source2=592&source3=592&impressionId=a32f1e47-6e87-4c4d-b7ad-1d0b09d9d389",
   "FIELD9": ""
 },
 {
   "category": "Beverages",
   "subcategory": "Coffee",
   "name": "365 Pleasant Morning Buzz French Roast Whole Coffee Beans",
   "price": "9.99",
   "description": "24 oz ",
   "image": "https://d2lnr5mha7bycj.cloudfront.net/product-image/file/large_c890af02-f3cc-497e-974b-12ff604c2c37.jpg",
   "Image 2": "",
   "Product Link": "https://www.instacart.com/store/items/4460751?source1=aisle&source2=592&source3=592&impressionId=335673e1-eab0-43f5-806c-bf1d1427bbd0",
   "FIELD9": ""
 },
 {
   "category": "Beverages",
   "subcategory": "Coffee",
   "name": "Allegro Coffee Extra Dark French Roast Ground Coffee",
   "price": "9.99",
   "description": "12 oz ",
   "image": "https://d2lnr5mha7bycj.cloudfront.net/product-image/file/large_3b8a1d9c-9b3c-4e10-8151-7aa234817ef3.jpg",
   "Image 2": "",
   "Product Link": "https://www.instacart.com/store/items/4465099?source1=aisle&source2=592&source3=592&impressionId=5ef6ef18-7a7b-4e1b-b99b-aec5b53adbcd",
   "FIELD9": ""
 },
 {
   "category": "Beverages",
   "subcategory": "Coffee",
   "name": "Califia Farms Cafe Latte Cold Brew Coffee with Almondmilk",
   "price": "5.99",
   "description": "48 oz ",
   "image": "https://d2lnr5mha7bycj.cloudfront.net/product-image/file/large_b72d9608-04a1-469d-b078-f42086e3a36d.jpg",
   "Image 2": "",
   "Product Link": "https://www.instacart.com/store/items/21324974?source1=aisle&source2=592&source3=592&impressionId=244ceebb-fe93-4a3f-a97f-e3df684ddeeb",
   "FIELD9": ""
 },
 {
   "category": "Beverages",
   "subcategory": "Coffee",
   "name": "Allegro Organic French Roast Coffee Whole Bean",
   "price": "11.99",
   "description": "12 oz ",
   "image": "https://d2lnr5mha7bycj.cloudfront.net/product-image/file/large_b7348998-35b2-4a16-ab65-de198cbc0687.jpg",
   "Image 2": "",
   "Product Link": "https://www.instacart.com/store/items/4467674?source1=aisle&source2=592&source3=592&impressionId=b301c251-3d87-4f54-9a87-5cdd04b3f613",
   "FIELD9": ""
 },
 {
   "category": "Beverages",
   "subcategory": "Coffee",
   "name": "Califia Farms Cafe Latte Cold Brew Coffee with Almondmilk",
   "price": "5.99",
   "description": "48 fl oz ",
   "image": "https://d2lnr5mha7bycj.cloudfront.net/product-image/file/large_b72d9608-04a1-469d-b078-f42086e3a36d.jpg",
   "Image 2": "",
   "Product Link": "https://www.instacart.com/store/items/21324974?source1=aisle&source2=592&source3=592&impressionId=244ceebb-fe93-4a3f-a97f-e3df684ddeeb",
   "FIELD9": ""
 },
 {
   "category": "Beverages",
   "subcategory": "Coffee",
   "name": "Allegro Organic French Roast Coffee Whole Bean",
   "price": "11.99",
   "description": "12 oz",
   "image": "https://d2lnr5mha7bycj.cloudfront.net/product-image/file/large_b7348998-35b2-4a16-ab65-de198cbc0687.jpg",
   "Image 2": "",
   "Product Link": "",
   "FIELD9": ""
 },
 {
   "category": "Beverages",
   "subcategory": "Coffee",
   "name": "Califia Farms Mocha Cold Brew Coffee with Almondmilk",
   "price": "5.99",
   "description": "2.99",
   "image": "https://d2lnr5mha7bycj.cloudfront.net/product-image/file/large_f065d1b3-1230-47c8-aa95-653422e1816a.jpg",
   "Image 2": "",
   "Product Link": "",
   "FIELD9": ""
 },
 {
   "category": "Beverages",
   "subcategory": "Coffee",
   "name": "Stumptown Coffee Roasters Holler Mountain Organic Coffee",
   "price": "15.99",
   "description": "12 oz ",
   "image": "https://d2lnr5mha7bycj.cloudfront.net/product-image/file/large_6745aeb9-d50e-4a91-9e2e-e99a4af3e1b0.png",
   "Image 2": "",
   "Product Link": "https://www.instacart.com/store/items/4459173?source1=aisle&source2=592&source3=592&impressionId=492a8c71-80d4-4f3e-b8d6-dab2efacd97b",
   "FIELD9": ""
 },
 {
   "category": "Beverages",
   "subcategory": "Coffee",
   "name": "Califia Farms XX Espresso Cold Brew Coffee with Almondmilk",
   "price": "2.99",
   "description": "100 ct ",
   "image": "https://d2lnr5mha7bycj.cloudfront.net/product-image/file/large_76d46930-5054-4409-9aed-208e418af124.jpg",
   "Image 2": "",
   "Product Link": "https://www.instacart.com/store/items/4505167?source1=aisle&source2=592&source3=592&impressionId=71e7b7a2-d969-4825-8ce8-433ba6c56001",
   "FIELD9": ""
 },
 {
   "category": "Beverages",
   "subcategory": "Coffee",
   "name": "Allegro Coffee Organic French Roast Ground Coffee",
   "price": "11.99",
   "description": "12 oz ",
   "image": "https://d2lnr5mha7bycj.cloudfront.net/product-image/file/large_46a48165-1fa3-4681-b405-5958c7b7d13e.jpg",
   "Image 2": "",
   "Product Link": "",
   "FIELD9": ""
 },
 {
   "category": "Beverages",
   "subcategory": "Coffee",
   "name": "If You Care FSC Certified Unbleached Totally Chlorine-Free No. 4 Size Coffee Filters",
   "price": "4.39",
   "description": "12 oz ",
   "image": "https://d2lnr5mha7bycj.cloudfront.net/product-image/file/large_eb88920f-0cbd-422a-87b0-608f03c835ef.jpg",
   "Image 2": "",
   "Product Link": "https://www.instacart.com/store/items/4539029?source1=aisle&source2=592&source3=592&impressionId=4f9398a0-0cf3-4542-a71f-9a4a1c39d7de",
   "FIELD9": ""
 },
 {
   "category": "Beverages",
   "subcategory": "Coffee",
   "name": "Stumptown Coffee Roasters Hair Bender Whole Bean Coffee",
   "price": "15.99",
   "description": "11 fl oz ",
   "image": "https://d2lnr5mha7bycj.cloudfront.net/product-image/file/large_05a0a6b9-4546-44a1-906e-fa3a8dc788c3.png",
   "Image 2": "",
   "Product Link": "https://www.instacart.com/store/items/4459271?source1=aisle&source2=592&source3=592&impressionId=75d1b2f4-0a92-4555-8312-9b870e43f9a0",
   "FIELD9": ""
 },
 {
   "category": "Beverages",
   "subcategory": "Coffee",
   "name": "Stumptown Coffee Roasters Cold Brew Coffee Nitro Can",
   "price": "4.99",
   "description": "3.5 oz ",
   "image": "https://d2lnr5mha7bycj.cloudfront.net/product-image/file/large_b1fd435d-73e9-498a-bc85-5940afc3d29f.jpg",
   "Image 2": "",
   "Product Link": "https://www.instacart.com/store/items/25666435?source1=aisle&source2=592&source3=592&impressionId=9bbd9d97-8b13-4447-8ebe-8deb61d9f589",
   "FIELD9": ""
 },
 {
   "category": "Beverages",
   "subcategory": "Coffee",
   "name": "365 Instant Coffee",
   "price": "6.99",
   "description": "32 fl oz ",
   "image": "https://d2lnr5mha7bycj.cloudfront.net/product-image/file/large_f80339ae-c3da-4d0a-8511-32ea1ea73e59.jpg",
   "Image 2": "",
   "Product Link": "",
   "FIELD9": ""
 },
 {
   "category": "Beverages",
   "subcategory": "Coffee",
   "name": "Chameleon Cold-Brew Organic Mocha Coffee Concentrate",
   "price": "10.99",
   "description": "16 oz ",
   "image": "https://d2lnr5mha7bycj.cloudfront.net/product-image/file/large_42d13da8-fcd8-45b1-92eb-cc8ce9b30f94.jpg",
   "Image 2": "",
   "Product Link": "https://www.instacart.com/store/items/29502477?source1=aisle&source2=592&source3=592&impressionId=e7097a39-d2f7-49a2-aee4-b85c7fffd23e",
   "FIELD9": ""
 },
 {
   "category": "Beverages",
   "subcategory": "Coffee",
   "name": "Stumptown Coffee Roasters Original Cold Brew Coffee With Milk",
   "price": "3.99",
   "description": "3.5 oz ",
   "image": "https://d2lnr5mha7bycj.cloudfront.net/product-image/file/large_f93689f1-647a-4d6f-a7c2-e2e9498ceb5d.jpg",
   "Image 2": "",
   "Product Link": "https://www.instacart.com/store/items/21388065?source1=aisle&source2=592&source3=592&impressionId=ff60a85e-a25b-45dd-aa75-4e2fba97b219",
   "FIELD9": ""
 },
 {
   "category": "Beverages",
   "subcategory": "Coffee",
   "name": "Mount Hagen Freeze Dried Instant Coffee",
   "price": "10.99",
   "description": "8 fl oz ",
   "image": "https://d2lnr5mha7bycj.cloudfront.net/product-image/file/large_c1c5d8dc-3bc8-4b6b-9c97-e04ca07fe30a.jpg",
   "Image 2": "",
   "Product Link": "https://www.instacart.com/store/items/4539741?source1=aisle&source2=592&source3=592&impressionId=c4b579f4-83f8-437c-96e5-249bcc4c0768",
   "FIELD9": ""
 },
 {
   "category": "Beverages",
   "subcategory": "Tea",
   "name": "GT's Organic & Raw Gingerberry Kombucha",
   "price": "3.49",
   "description": "16 fl oz ",
   "image": "https://d2lnr5mha7bycj.cloudfront.net/product-image/file/large_61219007-2a23-4813-adb9-a79323aea9a5.jpg",
   "Image 2": "",
   "Product Link": "https://www.instacart.com/store/items/4575969?source1=aisle&source2=593&source3=593&impressionId=e5140375-f9ea-43c8-86b6-7e2ed5a7a6ee",
   "FIELD9": ""
 },
 {
   "category": "Beverages",
   "subcategory": "Tea",
   "name": "GT's Organic Raw Kombucha Original",
   "price": "3.49",
   "description": "16 fl oz ",
   "image": "https://d2lnr5mha7bycj.cloudfront.net/product-image/file/large_9789389a-8e92-4f88-9398-800db9d6618d.jpg",
   "Image 2": "",
   "Product Link": "https://www.instacart.com/store/items/4575967?source1=aisle&source2=593&source3=593&impressionId=e3fb18e4-371f-4de0-a357-cc5467a1c992",
   "FIELD9": ""
 },
 {
   "category": "Beverages",
   "subcategory": "Tea",
   "name": "Honest Tea Peach Oo-La-Long Tea",
   "price": "1.99",
   "description": "16 fl oz",
   "image": "https://d2lnr5mha7bycj.cloudfront.net/product-image/file/large_d9f6db90-915e-4f02-8e6e-a8d7ccc92f49.jpg",
   "Image 2": "",
   "Product Link": "https://www.instacart.com/store/items/4458179?source1=aisle&source2=593&source3=593&impressionId=5888c92e-aa8b-4fce-b74b-0468c69fcdec",
   "FIELD9": ""
 },
 {
   "category": "Beverages",
   "subcategory": "Tea",
   "name": "Honest Tea Moroccan Mint Green Tea\n",
   "price": "1.99",
   "description": "16 fl oz",
   "image": "https://d2lnr5mha7bycj.cloudfront.net/product-image/file/large_ba880471-21bc-40b6-8885-0f0c310cfe69.jpg",
   "Image 2": "",
   "Product Link": "https://www.instacart.com/store/items/4458497?source1=aisle&source2=593&source3=593&impressionId=4edfa32e-570f-49f0-862a-b45fdd227217",
   "FIELD9": ""
 },
 {
   "category": "Beverages",
   "subcategory": "Tea",
   "name": "Tazo Tea Green Tea Zen Tea Bags\n",
   "price": "4.49",
   "description": "20 ct",
   "image": "https://d2lnr5mha7bycj.cloudfront.net/product-image/file/large_cf435e76-e009-4959-9cf2-7635e3f9dbac.jpg",
   "Image 2": "",
   "Product Link": "https://www.instacart.com/store/items/4536522?source1=aisle&source2=593&source3=593&impressionId=b9c38cb1-a02d-461e-bcd1-4ee2bd85042a",
   "FIELD9": ""
 },
 {
   "category": "Beverages",
   "subcategory": "Tea",
   "name": "Synergy Enlightened Passionberry Bliss Kombucha\n",
   "price": "3.49",
   "description": "480.0 ml ",
   "image": "https://d2lnr5mha7bycj.cloudfront.net/product-image/file/large_e8f8e551-12af-448a-b339-7e1bac802012.jpg",
   "Image 2": "",
   "Product Link": "https://www.instacart.com/store/items/4572318?source1=aisle&source2=593&source3=593&impressionId=442c40c6-7398-4ffb-ae2f-6ced066b08de",
   "FIELD9": ""
 },
 {
   "category": "Beverages",
   "subcategory": "Tea",
   "name": "Tazo Tea Black Tea Awake� English Breakfast Tea Bags\n",
   "price": "4.49",
   "description": "1.8 oz ",
   "image": "https://d2lnr5mha7bycj.cloudfront.net/product-image/file/large_eaa124b2-dd9c-4445-ad18-ca925e9226ea.jpg",
   "Image 2": "",
   "Product Link": "https://www.instacart.com/store/items/22229490?source1=aisle&source2=593&source3=593&impressionId=304dbf38-e5fa-4b71-b338-586f3754faf6",
   "FIELD9": ""
 },
 {
   "category": "Beverages",
   "subcategory": "Tea",
   "name": "Tejava Premium Iced Tea, Unsweetened\n",
   "price": "1.69",
   "description": "1 liter",
   "image": "https://d2lnr5mha7bycj.cloudfront.net/product-image/file/large_9d6f6bc2-70cb-4d2a-a5c3-d470598666c1.jpg",
   "Image 2": "",
   "Product Link": "https://www.instacart.com/store/items/4460222?source1=aisle&source2=593&source3=593&impressionId=4c320ff1-72d0-46c9-9c61-0d9ec3278007",
   "FIELD9": ""
 },
 {
   "category": "Beverages",
   "subcategory": "Tea",
   "name": "Yogi Organic Ginger Herbal Tea, Caffeine Free\n",
   "price": "2.99",
   "description": "16 x 16 ct ",
   "image": "https://d2lnr5mha7bycj.cloudfront.net/product-image/file/large_d50040ce-786e-4b17-8b81-4397888eace8.jpg",
   "Image 2": "",
   "Product Link": "https://www.instacart.com/store/items/4468969?source1=aisle&source2=593&source3=593&impressionId=e9c8c690-a3da-4686-971f-1c3a24c9b00f",
   "FIELD9": ""
 },
 {
   "category": "Beverages",
   "subcategory": "Tea",
   "name": "Honest Tea Just Green Unsweetened Tea",
   "price": "1.99",
   "description": "16 fl oz ",
   "image": "https://d2lnr5mha7bycj.cloudfront.net/product-image/file/large_efd43700-a44b-43ff-8136-1e20e448d237.jpeg",
   "Image 2": "",
   "Product Link": "https://www.instacart.com/store/items/4459013?source1=aisle&source2=593&source3=593&impressionId=4309fa5f-332e-4256-9a7d-81dd0e5b2a35",
   "FIELD9": ""
 },
 {
   "category": "Beverages",
   "subcategory": "Tea",
   "name": "365 Organic Green Tea Bags\n",
   "price": "3.99",
   "description": "70 x 0.07 oz ",
   "image": "https://d2lnr5mha7bycj.cloudfront.net/product-image/file/large_d82d28fe-82ec-4305-94b4-89e100706163.jpg",
   "Image 2": "",
   "Product Link": "https://www.instacart.com/store/items/4460033?source1=aisle&source2=593&source3=593&impressionId=21dddfc2-e6e2-409c-ba4a-334ed3b232b8",
   "FIELD9": ""
 },
 {
   "category": "Beverages",
   "subcategory": "Tea",
   "name": "Yogi Lemon Ginger Tea\n",
   "price": "4.49",
   "description": "16 ct ",
   "image": "https://d2lnr5mha7bycj.cloudfront.net/product-image/file/large_76e0bc42-5abf-4b1c-9853-0c6f23e4515b.jpg",
   "Image 2": "",
   "Product Link": "https://www.instacart.com/store/items/4467759?source1=aisle&source2=593&source3=593&impressionId=51e68395-0741-4e6f-b861-98cec74543bb",
   "FIELD9": ""
 },
 {
   "category": "Beverages",
   "subcategory": "Tea",
   "name": "Tazo Tea Herbal Tea Calm� Chamomile Caffeine-Free Tea Bags\n",
   "price": "4.49",
   "description": "20 ct ",
   "image": "https://d2lnr5mha7bycj.cloudfront.net/product-image/file/large_6cfebf5b-8502-4477-87c8-cb991cd5546b.jpg",
   "Image 2": "",
   "Product Link": "",
   "FIELD9": ""
 },
 {
   "category": "Beverages",
   "subcategory": "Tea",
   "name": "365 Organic Unsweetened Black Tea\n",
   "price": "3.99",
   "description": "64 fl oz ",
   "image": "https://d2lnr5mha7bycj.cloudfront.net/product-image/file/large_706d2789-13db-45d2-a990-4dbfe6aeaf23.jpg",
   "Image 2": "",
   "Product Link": "",
   "FIELD9": ""
 },
 {
   "category": "Beverages",
   "subcategory": "Tea",
   "name": "Tazo Tea Earl Grey\n",
   "price": "4.49",
   "description": "",
   "image": "https://d2lnr5mha7bycj.cloudfront.net/product-image/file/large_6a7c0886-54d8-4270-a320-5d602b0c7eba.jpg",
   "Image 2": "",
   "Product Link": "https://www.instacart.com/store/items/4535570?source1=aisle&source2=593&source3=593&impressionId=dceb9277-8ca4-482d-813a-b9e1b4ec5e13",
   "FIELD9": ""
 },
 {
   "category": "Beverages",
   "subcategory": "Tea",
   "name": "Yogi Green Tea Super Antioxidant\n",
   "price": "3.29",
   "description": "16 ct�",
   "image": "https://d2lnr5mha7bycj.cloudfront.net/product-image/file/large_e28280aa-c720-4c6f-96ff-0f5de5dd84a1.jpg",
   "Image 2": "",
   "Product Link": "https://www.instacart.com/store/items/4465989?source1=aisle&source2=593&source3=593&impressionId=dbae77a0-fc93-453c-8f7e-c8c871fa05fd",
   "FIELD9": ""
 },
 {
   "category": "Beverages",
   "subcategory": "Tea",
   "name": "Guayaki Yerba Mate Guayaki Organic Brand Yerba Mate Sparkling Grapefruit Ginger\n",
   "price": "2.69",
   "description": "12 oz�",
   "image": "https://d2lnr5mha7bycj.cloudfront.net/product-image/file/large_4252ad58-994c-4ebf-b8be-aa9c71743471.jpg",
   "Image 2": "",
   "Product Link": "https://www.instacart.com/store/items/4541568?source1=aisle&source2=593&source3=593&impressionId=8be654a0-abe9-4904-a93b-2b34b86fd1b3",
   "FIELD9": ""
 },
 {
   "category": "Beverages",
   "subcategory": "Tea",
   "name": "365 Organic Peppermint Tea Bags 40 Count\n",
   "price": "3.99",
   "description": "1.83 oz�",
   "image": "https://d2lnr5mha7bycj.cloudfront.net/product-image/file/large_de4e2e20-b883-44de-8ce8-c2b2dd626c97.jpg",
   "Image 2": "",
   "Product Link": "https://www.instacart.com/store/items/4510357?source1=aisle&source2=593&source3=593&impressionId=f9d254e9-c50b-47ad-abc0-ef7f8a58d9a3",
   "FIELD9": ""
 },
 {
   "category": "Beverages",
   "subcategory": "Tea",
   "name": "Tazo Tea Black Chai Organic Tea Bags\n",
   "price": "4.99",
   "description": "20 ct�",
   "image": "https://d2lnr5mha7bycj.cloudfront.net/product-image/file/large_318ab5e0-efc4-4ead-a529-68d04377dd58.jpg",
   "Image 2": "",
   "Product Link": "https://www.instacart.com/store/items/21096135?source1=aisle&source2=593&source3=593&impressionId=a078a07b-5196-46aa-b2f5-5ca24b6c5db7",
   "FIELD9": ""
 },
 {
   "category": "Beverages",
   "subcategory": "Tea",
   "name": "Traditional Medicinals Organic Chamomile Herbal Tea\n",
   "price": "5.49",
   "description": "16 ct�",
   "image": "https://d2lnr5mha7bycj.cloudfront.net/product-image/file/large_b52702e7-fb3d-4a6a-bf30-d55ef9624d96.jpg",
   "Image 2": "",
   "Product Link": "https://www.instacart.com/store/items/4478205?source1=aisle&source2=593&source3=593&impressionId=b0de7a41-88fa-4156-bb60-fbf4dbf6209a",
   "FIELD9": ""
 },
 {
   "category": "Beverages",
   "subcategory": "Juice & Nectars",
   "name": "Izze Sparkling Blackberry Juice Beverage\n",
   "price": "4.99",
   "description": "4 x 12 fl oz�",
   "image": "https://d2lnr5mha7bycj.cloudfront.net/product-image/file/large_50abd18c-47a5-46d8-b6d8-376adcef6bd0.jpg",
   "Image 2": "",
   "Product Link": "https://www.instacart.com/store/items/4538941?source1=aisle&source2=514&source3=514&impressionId=8b990685-3dd9-4777-abf7-87653d83da5e",
   "FIELD9": ""
 },
 {
   "category": "Beverages",
   "subcategory": "Juice & Nectars",
   "name": "Izze Sparkling Pomegranate Juice Beverage\n",
   "price": "4.99",
   "description": "4 x 12 fl oz�",
   "image": "https://d2lnr5mha7bycj.cloudfront.net/product-image/file/large_d5b1f176-0d76-4079-9c53-4803357dd710.jpg",
   "Image 2": "",
   "Product Link": "https://www.instacart.com/store/items/4538334?source1=aisle&source2=514&source3=514&impressionId=5af18ff8-06c3-4809-98c6-cad5c6b231a4",
   "FIELD9": ""
 },
 {
   "category": "Beverages",
   "subcategory": "Juice & Nectars",
   "name": "Izze Sparkling Apple Juice Beverage\n",
   "price": "4.99",
   "description": "4 x 12 fl oz�",
   "image": "https://d2lnr5mha7bycj.cloudfront.net/product-image/file/large_9a1a4e35-8386-4088-9051-9959be002c2e.jpg",
   "Image 2": "",
   "Product Link": "https://www.instacart.com/store/items/21823286?source1=aisle&source2=514&source3=514&impressionId=ec941a29-20d4-4e45-9975-c2e93f072399",
   "FIELD9": ""
 },
 {
   "category": "Beverages",
   "subcategory": "Juice & Nectars",
   "name": "365 Florida No Pulp Orange Juice\n",
   "price": "2.99",
   "description": "64 fl oz�",
   "image": "https://d2lnr5mha7bycj.cloudfront.net/product-image/file/large_7c017a1d-dad0-4158-92d1-ebe23aa84891.jpg",
   "Image 2": "",
   "Product Link": "https://www.instacart.com/store/items/4473159?source1=aisle&source2=514&source3=514&impressionId=3c617b20-a974-4e34-a0d6-b6b322ec0c94",
   "FIELD9": ""
 },
 {
   "category": "Beverages",
   "subcategory": "Juice & Nectars",
   "name": "365 100% Pulp Free Coconut Water",
   "price": "3.29",
   "description": "1 liter�",
   "image": "https://d2lnr5mha7bycj.cloudfront.net/product-image/file/large_d11c66a4-5563-4be7-a049-b7cd029bb419.jpg",
   "Image 2": "",
   "Product Link": "https://www.instacart.com/store/items/4523612?source1=aisle&source2=514&source3=514&impressionId=7c55a537-8e03-4e7c-b8f7-b7a7c57abaa4",
   "FIELD9": ""
 },
 {
   "category": "Beverages",
   "subcategory": "Juice & Nectars",
   "name": "GT's Organic Raw Kombucha Gingerade\n",
   "price": "3.49",
   "description": "16 fl oz�",
   "image": "https://d2lnr5mha7bycj.cloudfront.net/product-image/file/large_902ae98f-a9a7-4076-8c48-cb5f0fb8b525.jpeg",
   "Image 2": "",
   "Product Link": "https://www.instacart.com/store/items/4460631?source1=aisle&source2=514&source3=514&impressionId=ce80669d-2112-434d-bf78-1d3d72519fcb",
   "FIELD9": ""
 },
 {
   "category": "Beverages",
   "subcategory": "Juice & Nectars",
   "name": "365 Florida Orange Juice With Calcium & Vitamin D",
   "price": "2.99",
   "description": "64 fl oz�",
   "image": "https://d2lnr5mha7bycj.cloudfront.net/product-image/file/large_f248a65d-5298-4773-a9aa-759b9828e9eb.jpg",
   "Image 2": "",
   "Product Link": "https://www.instacart.com/store/items/4472672?source1=aisle&source2=514&source3=514&impressionId=a9c4c8de-92f1-48ef-8a78-bba5e68a5c12",
   "FIELD9": ""
 },
 {
   "category": "Beverages",
   "subcategory": "Juice & Nectars",
   "name": "365 Organic Apple Juice\n",
   "price": "4.99",
   "description": "2 qt�",
   "image": "https://d2lnr5mha7bycj.cloudfront.net/product-image/file/large_97ce069e-d750-436f-b33c-ddd4d48e50f1.jpg",
   "Image 2": "",
   "Product Link": "https://www.instacart.com/store/items/4489064?source1=aisle&source2=514&source3=514&impressionId=9490cca1-9410-48c0-afe3-e645c3c97b57",
   "FIELD9": ""
 },
 {
   "category": "Beverages",
   "subcategory": "Juice & Nectars",
   "name": "Harmless Harvest Organic 100% Coconut Water\n",
   "price": "3.49",
   "description": "8.75 fl oz�",
   "image": "https://d2lnr5mha7bycj.cloudfront.net/product-image/file/large_80447d95-5f7b-49a5-9fbc-33d5d3e2eed7.jpg",
   "Image 2": "",
   "Product Link": "https://www.instacart.com/store/items/29465088?source1=aisle&source2=514&source3=514&impressionId=fb78aa6b-e18c-41c9-a37b-431df26528c7",
   "FIELD9": ""
 },
 {
   "category": "Beverages",
   "subcategory": "Juice & Nectars",
   "name": "365 Organic 100% Juice Lemon",
   "price": "2.99",
   "description": "10 fl oz�",
   "image": "https://d2lnr5mha7bycj.cloudfront.net/product-image/file/large_c38c9561-152e-4cc4-8eac-8a69b0770fc1.jpg",
   "Image 2": "",
   "Product Link": "https://www.instacart.com/store/items/4542305?source1=aisle&source2=514&source3=514&impressionId=9d0a30aa-8179-4873-8db5-188f3775b40f",
   "FIELD9": ""
 },
 {
   "category": "Beverages",
   "subcategory": "Juice & Nectars",
   "name": "365 Organic Lemonade\n",
   "price": "2.99",
   "description": "64 fl oz�",
   "image": "https://d2lnr5mha7bycj.cloudfront.net/product-image/file/large_abef0b99-9702-4700-afe9-2fcdd07fcfd7.jpg",
   "Image 2": "",
   "Product Link": "https://www.instacart.com/store/items/4481924?source1=aisle&source2=514&source3=514&impressionId=955f6ebb-f843-4b1a-889d-e0fedc30fc08",
   "FIELD9": ""
 },
 {
   "category": "Beverages",
   "subcategory": "Juice & Nectars",
   "name": "365 Organic Apple Juice Boxes\n",
   "price": "5.48",
   "description": "8 x 6.75 oz�",
   "image": "https://d2lnr5mha7bycj.cloudfront.net/product-image/file/large_13b5cb78-bf15-43e5-98e7-dd6a35004b37.jpg",
   "Image 2": "",
   "Product Link": "https://www.instacart.com/store/items/12215018?source1=aisle&source2=514&source3=514&impressionId=37f130d7-92ec-4523-92a2-d251e8c9ae5c",
   "FIELD9": ""
 },
 {
   "category": "Beverages",
   "subcategory": "Juice & Nectars",
   "name": "Zico Natural Premium Coconut Water\n",
   "price": "3.99",
   "description": "1 l�",
   "image": "https://d2lnr5mha7bycj.cloudfront.net/product-image/file/large_0cc59992-8c2c-4881-9916-94cc300ffa2f.JPG",
   "Image 2": "",
   "Product Link": "https://www.instacart.com/store/items/4522079?source1=aisle&source2=514&source3=514&impressionId=1ba13c3d-87bb-4af8-a969-786a3e74e2f9",
   "FIELD9": ""
 },
 {
   "category": "Beverages",
   "subcategory": "Juice & Nectars",
   "name": "Vita Coco 100% Pure Coconut Water",
   "price": "5.49",
   "description": "33.8 fl oz�",
   "image": "https://d2lnr5mha7bycj.cloudfront.net/product-image/file/large_57e9c5fc-faf7-41bf-a04e-dba57d78ac9a.jpg",
   "Image 2": "",
   "Product Link": "https://www.instacart.com/store/items/4535307?source1=aisle&source2=514&source3=514&impressionId=aa223117-557e-4d5a-a9bb-b3efe20272c9",
   "FIELD9": ""
 },
 {
   "category": "Beverages",
   "subcategory": "Juice & Nectars",
   "name": "365 Organic Orange Peach Mango Juice\n",
   "price": "3.98",
   "description": "64 fl oz�",
   "image": "https://d2lnr5mha7bycj.cloudfront.net/product-image/file/large_2612c532-fdd4-48fe-a98b-141333e25280.jpg",
   "Image 2": "",
   "Product Link": "https://www.instacart.com/store/items/4469452?source1=aisle&source2=514&source3=514&impressionId=36b81b77-3911-4381-bd75-c12e2abfb514",
   "FIELD9": ""
 },
 {
   "category": "Beverages",
   "subcategory": "Juice & Nectars",
   "name": "365 Organic No Pulp Orange Juice\n",
   "price": "6.99",
   "description": "89 fl oz�",
   "image": "https://d2lnr5mha7bycj.cloudfront.net/product-image/file/large_bcc4d078-381a-4a8a-b16e-3023c25a4c00.jpg",
   "Image 2": "",
   "Product Link": "https://www.instacart.com/store/items/4563948?source1=aisle&source2=514&source3=514&impressionId=4a549978-2a71-4c61-afcc-284ed154a5eb",
   "FIELD9": ""
 },
 {
   "category": "Beverages",
   "subcategory": "Juice & Nectars",
   "name": "365 Organic Strawberry Lemonade\n",
   "price": "3.99",
   "description": "64 fl oz�",
   "image": "https://d2lnr5mha7bycj.cloudfront.net/product-image/file/large_667a2d11-caf6-4536-89b9-d8510791de12.jpg",
   "Image 2": "",
   "Product Link": "https://www.instacart.com/store/items/4530641?source1=aisle&source2=514&source3=514&impressionId=d30931e3-b88c-425c-8769-7f4d8a0c90dc",
   "FIELD9": ""
 },
 {
   "category": "Beverages",
   "subcategory": "Juice & Nectars",
   "name": "365 Ruby Red Grapefruit Juice\n",
   "price": "3.99",
   "description": "64 fl oz�",
   "image": "https://d2lnr5mha7bycj.cloudfront.net/product-image/file/large_d57531ac-2d82-4a41-a984-5d41562f7614.jpg",
   "Image 2": "",
   "Product Link": "https://www.instacart.com/store/items/21019072?source1=aisle&source2=514&source3=514&impressionId=1471be82-0186-4741-acf3-7beac5da3796",
   "FIELD9": ""
 },
 {
   "category": "Beverages",
   "subcategory": "Juice & Nectars",
   "name": "Evolution Fresh Cold Pressed Organic Orange Juice\n",
   "price": "8.99",
   "description": "59 oz�",
   "image": "https://d2lnr5mha7bycj.cloudfront.net/product-image/file/large_3a37b8d1-b243-426f-83f8-f63138b6ce20.jpg",
   "Image 2": "",
   "Product Link": "https://www.instacart.com/store/items/18863059?source1=aisle&source2=514&source3=514&impressionId=911421a9-9299-4487-82c8-bc0d5c70015b",
   "FIELD9": ""
 },
 {
   "category": "Beverages",
   "subcategory": "Juice & Nectars",
   "name": "365 Organic 100% Juice Prune\n",
   "price": "5.99",
   "description": "32 fl oz�",
   "image": "https://d2lnr5mha7bycj.cloudfront.net/product-image/file/large_f7aab0ca-83c7-4529-b7da-ae7179c330aa.jpg",
   "Image 2": "",
   "Product Link": "https://www.instacart.com/store/items/4482585?source1=aisle&source2=514&source3=514&impressionId=24309ad3-748f-4d97-9e43-5317705bf783",
   "FIELD9": ""
 },
 {
   "category": "Beverages",
   "subcategory": "Energy & Sports Drinks",
   "name": "Glaceau Vitaminwater Zero Squeezed Lemonade\n",
   "price": "1.99",
   "description": "20 fl oz�",
   "image": "https://d2lnr5mha7bycj.cloudfront.net/product-image/file/large_7d0c5d52-8786-4afd-a5fd-e6a5653348a4.jpg",
   "Image 2": "",
   "Product Link": "https://www.instacart.com/store/items/4533965?source1=aisle&source2=539&source3=539&impressionId=195dbf29-4008-4169-9e0d-e0768f203731",
   "FIELD9": ""
 },
 {
   "category": "Beverages",
   "subcategory": "Energy & Sports Drinks",
   "name": "Glaceau Vitaminwater Zero Rise Orange Nutrient Enhanced Water Beverage\n",
   "price": "1.99",
   "description": "20 fl oz�",
   "image": "https://d2lnr5mha7bycj.cloudfront.net/product-image/file/large_2eef5489-afb5-4577-87e3-456155821c7f.jpg",
   "Image 2": "",
   "Product Link": "https://www.instacart.com/store/items/4533412?source1=aisle&source2=539&source3=539&impressionId=37265c1e-f25e-49a1-b1bb-a1f684433335",
   "FIELD9": ""
 },
 {
   "category": "Beverages",
   "subcategory": "Energy & Sports Drinks",
   "name": "Glaceau Vitaminwater Zero XXX Acai-Blueberry-Pomegranate\n",
   "price": "1.99",
   "description": "20 fl oz�",
   "image": "https://d2lnr5mha7bycj.cloudfront.net/product-image/file/large_a565e0ae-1458-4ffd-a571-621e0b97d5e5.jpg",
   "Image 2": "",
   "Product Link": "https://www.instacart.com/store/items/4534418?source1=aisle&source2=539&source3=539&impressionId=6b36fea6-0353-4882-a13e-d1be2bbc72af",
   "FIELD9": ""
 },
 {
   "category": "Beverages",
   "subcategory": "Energy & Sports Drinks",
   "name": "Guayaki Yerba Mate Guayaki Organic Brand Yerba Mate Sparkling Grapefruit Ginger\n",
   "price": "2.69",
   "description": "12 oz�",
   "image": "https://d2lnr5mha7bycj.cloudfront.net/product-image/file/large_4252ad58-994c-4ebf-b8be-aa9c71743471.jpg",
   "Image 2": "",
   "Product Link": "https://www.instacart.com/store/items/4541568?source1=aisle&source2=539&source3=539&impressionId=feed8781-758b-4f27-a179-2543ce98f341",
   "FIELD9": ""
 },
 {
   "category": "Beverages",
   "subcategory": "Energy & Sports Drinks",
   "name": "365 Organic Hot Cocoa Mix\n",
   "price": "3.99",
   "description": "12 oz�",
   "image": "https://d2lnr5mha7bycj.cloudfront.net/product-image/file/large_b13c736e-e9a6-4340-bff2-fc096724f5dd.jpg",
   "Image 2": "",
   "Product Link": "https://www.instacart.com/store/items/4480947?source1=aisle&source2=539&source3=539&impressionId=2e2c40b8-e78b-4dbb-9178-6ced6c507451",
   "FIELD9": ""
 },
 {
   "category": "Beverages",
   "subcategory": "Energy & Sports Drinks",
   "name": "Hi-Ball Sparkling Energy Water Grapefruit\n",
   "price": "2.99",
   "description": "16.0 fl oz�",
   "image": "https://d2lnr5mha7bycj.cloudfront.net/product-image/file/large_7abb8afc-d572-45f7-8c84-748a6d3c36ad.jpg",
   "Image 2": "",
   "Product Link": "https://www.instacart.com/store/items/4523075?source1=aisle&source2=539&source3=539&impressionId=a78b914d-f4b7-462c-8364-509df31294e2",
   "FIELD9": ""
 },
 {
   "category": "Beverages",
   "subcategory": "Energy & Sports Drinks",
   "name": "Glaceau Vitaminwater XXX Acai-Blueberry-Pomegranate\n",
   "price": "1.99",
   "description": "20 fl oz�",
   "image": "https://d2lnr5mha7bycj.cloudfront.net/product-image/file/large_1f8d1267-efa4-47e9-9822-4d2857d5d892.jpg",
   "Image 2": "",
   "Product Link": "https://www.instacart.com/store/items/4536733?source1=aisle&source2=539&source3=539&impressionId=54f22067-eb74-4e12-b73d-8621638fc6be",
   "FIELD9": ""
 },
 {
   "category": "Beverages",
   "subcategory": "Energy & Sports Drinks",
   "name": "Odwalla Strawberry Protein Protein Shake\n",
   "price": "2.99",
   "description": "15.2 oz�",
   "image": "https://d2lnr5mha7bycj.cloudfront.net/product-image/file/large_4a09ff15-3be5-4f77-a875-0b78a56b8a9a.JPG",
   "Image 2": "",
   "Product Link": "https://www.instacart.com/store/items/4490884?source1=aisle&source2=539&source3=539&impressionId=02d132f9-9f4e-49fb-acc2-4653d482ac31",
   "FIELD9": ""
 },
 {
   "category": "Beverages",
   "subcategory": "Energy & Sports Drinks",
   "name": "Hi-Ball Sparkling Energy Water Lemon Lime\n",
   "price": "2.99",
   "description": "16.0 fl oz�",
   "image": "https://d2lnr5mha7bycj.cloudfront.net/product-image/file/large_41e61038-a2d3-416d-88f3-542504d9e8ca.jpg",
   "Image 2": "",
   "Product Link": "https://www.instacart.com/store/items/4544517?source1=aisle&source2=539&source3=539&impressionId=1673ff72-f384-45fc-a1a3-309acd722c4c",
   "FIELD9": ""
 },
 {
   "category": "Beverages",
   "subcategory": "Energy & Sports Drinks",
   "name": "Glaceau Vitaminwater Zero Go-Go Mixed Berry\n",
   "price": "1.99",
   "description": "20 fl oz�",
   "image": "https://d2lnr5mha7bycj.cloudfront.net/product-image/file/large_a7b6316e-3205-4e0a-a92d-4177bacd0a24.JPG",
   "Image 2": "",
   "Product Link": "https://www.instacart.com/store/items/4533027?source1=aisle&source2=539&source3=539&impressionId=22a497ff-217c-42f5-96b0-be024a664733",
   "FIELD9": ""
 },
 {
   "category": "Beverages",
   "subcategory": "Energy & Sports Drinks",
   "name": "Hi-Ball Sparkling Energy Water Wild Berry\n",
   "price": "2.99",
   "description": "16.0 fl oz�",
   "image": "https://d2lnr5mha7bycj.cloudfront.net/product-image/file/large_eb19478c-f2fd-410f-81cd-d0d5585b6348.jpg",
   "Image 2": "",
   "Product Link": "https://www.instacart.com/store/items/4544483?source1=aisle&source2=539&source3=539&impressionId=c078f38c-5e3a-4bfc-b23f-f157183bc6a0",
   "FIELD9": ""
 },
 {
   "category": "Beverages",
   "subcategory": "Energy & Sports Drinks",
   "name": "Guayaki Yerba Mate Traditional Terere\n",
   "price": "3.19",
   "description": "16 oz�",
   "image": "https://d2lnr5mha7bycj.cloudfront.net/product-image/file/large_3b6fd3cd-68f3-4a51-9b6a-001e72a95bb6.jpg",
   "Image 2": "",
   "Product Link": "https://www.instacart.com/store/items/4468778?source1=aisle&source2=539&source3=539&impressionId=94ee1652-a720-4c45-9380-20f555899b7f",
   "FIELD9": ""
 },
 {
   "category": "Beverages",
   "subcategory": "Energy & Sports Drinks",
   "name": "Guayaki Yerba Mate Orange Exuberance\n",
   "price": "2.69",
   "description": "15.5 oz�",
   "image": "https://d2lnr5mha7bycj.cloudfront.net/product-image/file/large_e5af5de9-29fa-41aa-9dae-d72744089474.jpg",
   "Image 2": "",
   "Product Link": "https://www.instacart.com/store/items/12930177?source1=aisle&source2=539&source3=539&impressionId=8043f599-4da8-4456-b4f5-442b004dd93d",
   "FIELD9": ""
 },
 {
   "category": "Beverages",
   "subcategory": "Energy & Sports Drinks",
   "name": "365 Pomegranate Liquid Energy Shot\n",
   "price": "1.99",
   "description": "2 fl oz�",
   "image": "https://d2lnr5mha7bycj.cloudfront.net/product-image/file/large_0c5c8b89-f722-40bd-9e70-ce755cd12df4.jpg",
   "Image 2": "",
   "Product Link": "https://www.instacart.com/store/items/24981475?source1=aisle&source2=539&source3=539&impressionId=aa9400b7-e0b0-445c-b133-2d03dc2345db",
   "FIELD9": ""
 },
 {
   "category": "Beverages",
   "subcategory": "Energy & Sports Drinks",
   "name": "Hiball Energy Peach Sparkling Energy Water\n",
   "price": "2.99",
   "description": "16 fl oz�",
   "image": "https://d2lnr5mha7bycj.cloudfront.net/product-image/file/large_a4b99d31-bdb6-47b8-8286-9b4e082ce068.jpg",
   "Image 2": "",
   "Product Link": "https://www.instacart.com/store/items/4531449?source1=aisle&source2=539&source3=539&impressionId=b364406b-0a28-444c-bc0b-5e0ff71b6571",
   "FIELD9": ""
 },
 {
   "category": "Beverages",
   "subcategory": "Energy & Sports Drinks",
   "name": "Svelte CalNaturale Svelte Organic Protein Shake Chocolate\n",
   "price": "2.69",
   "description": "11.0 fl oz�",
   "image": "https://d2lnr5mha7bycj.cloudfront.net/product-image/file/large_15c06f47-f4bb-499d-85c4-923101bbc231.jpg",
   "Image 2": "",
   "Product Link": "https://www.instacart.com/store/items/4523667?source1=aisle&source2=539&source3=539&impressionId=3cb7f6f0-3987-47af-8d5e-31732e4d4710",
   "FIELD9": ""
 },
 {
   "category": "Beverages",
   "subcategory": "Energy & Sports Drinks",
   "name": "Nuun Active Effervescent Electrolyte Supplement Tablets Lemon + Lime - 10 CT\n",
   "price": "6.99",
   "description": "1.8 oz�",
   "image": "https://d2lnr5mha7bycj.cloudfront.net/product-image/file/large_6f48bfaa-312c-4317-8575-5c0f2ec0831d.jpg",
   "Image 2": "",
   "Product Link": "https://www.instacart.com/store/items/14225882?source1=aisle&source2=539&source3=539&impressionId=64b185d3-a9aa-4bcc-824c-f5933776023d",
   "FIELD9": ""
 },
 {
   "category": "Beverages",
   "subcategory": "Energy & Sports Drinks",
   "name": "Hi-Ball Sparkling Energy Water Vanilla\n",
   "price": "2.99",
   "description": "16.0 fl oz�",
   "image": "https://d2lnr5mha7bycj.cloudfront.net/product-image/file/large_8518e29e-6de2-44f9-8d32-cd9e0ef14dec.jpg",
   "Image 2": "",
   "Product Link": "https://www.instacart.com/store/items/4544464?source1=aisle&source2=539&source3=539&impressionId=59a143dd-240c-4edc-9ee1-be8fdecc5a4d",
   "FIELD9": ""
 },
 {
   "category": "Beverages",
   "subcategory": "Energy & Sports Drinks",
   "name": "Hi-Ball Energy Organic Energy Drink Pomegranate Acai\n",
   "price": "2.99",
   "description": "16 oz�",
   "image": "https://d2lnr5mha7bycj.cloudfront.net/product-image/file/large_b3855107-6795-4224-b837-5b732d71ec7c.jpg",
   "Image 2": "",
   "Product Link": "https://www.instacart.com/store/items/4530126?source1=aisle&source2=539&source3=539&impressionId=0cf9dc7f-0d3b-4081-ac62-39f300318e8a",
   "FIELD9": ""
 },
 {
   "category": "Beverages",
   "subcategory": "Energy & Sports Drinks",
   "name": "Recharge Thirst Quencher Tropical\n",
   "price": "3.39",
   "description": "32.0 fl oz�",
   "image": "https://d2lnr5mha7bycj.cloudfront.net/product-image/file/large_b434fd5d-3aca-4a03-bff7-80d5a3016246.jpg",
   "Image 2": "",
   "Product Link": "https://www.instacart.com/store/items/4476816?source1=aisle&source2=539&source3=539&impressionId=5873270d-3cde-4358-9753-7a462aedb30b",
   "FIELD9": ""
 },
 {
   "category": "Beverages",
   "subcategory": "Soft Drinks",
   "name": "San Pellegrino Aranciata Rossa Sparkling Orange Beverage\n",
   "price": "1.59",
   "description": "20 ct ",
   "image": "https://d2lnr5mha7bycj.cloudfront.net/product-image/file/large_387cf7a2-f149-473c-9068-90aec3f59c10.JPG",
   "Image 2": "",
   "Product Link": "https://www.instacart.com/store/items/4526155?source1=aisle&source2=541&source3=541&impressionId=527990e9-d9ca-4382-a15f-bea04bab2fe6",
   "FIELD9": ""
 },
 {
   "category": "Beverages",
   "subcategory": "Soft Drinks",
   "name": "San Pellegrino Pompelmo Sparkling Grapefruit Beverage\n",
   "price": "1.59",
   "description": "11.15 oz�",
   "image": "https://d2lnr5mha7bycj.cloudfront.net/product-image/file/large_176d4a76-0dc6-4a01-942f-70a3ae209b28.JPG",
   "Image 2": "",
   "Product Link": "",
   "FIELD9": ""
 },
 {
   "category": "Beverages",
   "subcategory": "Soft Drinks",
   "name": "Izze Sparkling Clementine Juice Beverage\n",
   "price": "4.99",
   "description": "4 x 12 fl oz�",
   "image": "https://d2lnr5mha7bycj.cloudfront.net/product-image/file/large_26aa05c0-6de8-479e-9d78-7acf9b903b61.jpg",
   "Image 2": "",
   "Product Link": "https://www.instacart.com/store/items/4538721?source1=aisle&source2=541&source3=541&impressionId=38f52ff9-a628-42aa-a40e-c0b2f6358c0c",
   "FIELD9": ""
 },
 {
   "category": "Beverages",
   "subcategory": "Soft Drinks",
   "name": "365 Ginger Ale\n",
   "price": "2.99",
   "description": "12 oz�",
   "image": "https://d2lnr5mha7bycj.cloudfront.net/product-image/file/large_80815c7b-5558-4294-be2a-34c7d1ae371b.jpg",
   "Image 2": "",
   "Product Link": "https://www.instacart.com/store/items/4489132?source1=aisle&source2=541&source3=541&impressionId=393b35bb-92b5-4688-a56d-c7d4933b45f9",
   "FIELD9": ""
 },
 {
   "category": "Beverages",
   "subcategory": "Soft Drinks",
   "name": "San Pellegrino Aranciata Sparkling Orange Beverage\n",
   "price": "6.99",
   "description": "6 x 11.15 fl oz",
   "image": "https://d2lnr5mha7bycj.cloudfront.net/product-image/file/large_f4ba996c-17bb-487e-af30-2738a43d77ea.jpg",
   "Image 2": "",
   "Product Link": "https://www.instacart.com/store/items/4478924?source1=aisle&source2=541&source3=541&impressionId=e9cc4eb6-7f4b-4bd4-ba02-d3db086a8c1d",
   "FIELD9": ""
 },
 {
   "category": "Beverages",
   "subcategory": "Soft Drinks",
   "name": "Reed's Inc. Extra Ginger Brew All Natural Jamaican Style Ginger Beer - 4 CT\n",
   "price": "5.99",
   "description": "4 x 12 oz�",
   "image": "https://d2lnr5mha7bycj.cloudfront.net/product-image/file/large_ac96912d-c9b6-402f-a27b-fe8dac6a8282.jpg",
   "Image 2": "",
   "Product Link": "",
   "FIELD9": ""
 },
 {
   "category": "Beverages",
   "subcategory": "Soft Drinks",
   "name": "Zevia Zero Calorie Ginger Ale\n",
   "price": "4.99",
   "description": "6 x 12 fl oz�",
   "image": "https://d2lnr5mha7bycj.cloudfront.net/product-image/file/large_d248412c-7bd4-44d7-8cf0-033115dd1e6c.jpg",
   "Image 2": "",
   "Product Link": "https://www.instacart.com/store/items/4536072?source1=aisle&source2=541&source3=541&impressionId=f3f22321-9f29-4e93-b39a-4d5dac0c9c90",
   "FIELD9": ""
 },
 {
   "category": "Beverages",
   "subcategory": "Soft Drinks",
   "name": "365 Club Soda\n",
   "price": "2.99",
   "description": "6 x 12 fl oz�",
   "image": "https://d2lnr5mha7bycj.cloudfront.net/product-image/file/large_a4d83346-ec63-4daf-99cf-f113ffb60ba8.jpg",
   "Image 2": "",
   "Product Link": "https://www.instacart.com/store/items/4488193?source1=aisle&source2=541&source3=541&impressionId=92ef271f-7c7f-4e4c-9cbc-2eee4fb81f39",
   "FIELD9": ""
 },
 {
   "category": "Beverages",
   "subcategory": "Soft Drinks",
   "name": "San Pellegrino Aranciata Rossa/Blood Orange Sparkling Fruit Beverage\n",
   "price": "6.99",
   "description": "6 x 11.15 fl oz�",
   "image": "https://d2lnr5mha7bycj.cloudfront.net/product-image/file/large_17e5eff8-6411-4ff9-91e3-a07ead071d32.JPG",
   "Image 2": "",
   "Product Link": "https://www.instacart.com/store/items/18519925?source1=aisle&source2=541&source3=541&impressionId=c25f4922-572c-46c4-8e45-5bce8e6d209c",
   "FIELD9": ""
 },
 {
   "category": "Beverages",
   "subcategory": "Soft Drinks",
   "name": "LaCroix Sparkling Water Apricot - 12 PK\n",
   "price": "4.99",
   "description": "12.0 fl oz�",
   "image": "https://d2lnr5mha7bycj.cloudfront.net/product-image/file/large_e88cd252-07c3-4b6e-9441-b178da5f49c0.jpg",
   "Image 2": "",
   "Product Link": "https://www.instacart.com/store/items/15473944?source1=aisle&source2=541&source3=541&impressionId=766e3308-7ea2-434f-81ca-63abea5a76bf",
   "FIELD9": ""
 },
 {
   "category": "Beverages",
   "subcategory": "Soft Drinks",
   "name": "Zevia Zero Calorie Ginger Root Beer Soda\n",
   "price": "4.99",
   "description": "6 x 12 fl oz�",
   "image": "https://d2lnr5mha7bycj.cloudfront.net/product-image/file/large_aed69a50-71c1-4b07-8f8f-e37cb441701f.jpg",
   "Image 2": "",
   "Product Link": "https://www.instacart.com/store/items/4536430?source1=aisle&source2=541&source3=541&impressionId=70c75635-9afd-418a-8250-3fa585374af1",
   "FIELD9": ""
 },
 {
   "category": "Beverages",
   "subcategory": "Soft Drinks",
   "name": "Whole Foods Market Blood Orange Italian Soda\n",
   "price": "2.99",
   "description": "25.4 fl oz�",
   "image": "https://d2lnr5mha7bycj.cloudfront.net/product-image/file/large_45fe3242-f319-4141-a684-b884e7e4f012.jpg",
   "Image 2": "",
   "Product Link": "https://www.instacart.com/store/items/4535358?source1=aisle&source2=541&source3=541&impressionId=b4419aaa-43d8-4ee3-ac3f-3a39a3fc253d",
   "FIELD9": ""
 },
 {
   "category": "Beverages",
   "subcategory": "Soft Drinks",
   "name": "365 Lemon Lime Soda\n",
   "price": "2.99",
   "description": "6 x 12 oz�",
   "image": "https://d2lnr5mha7bycj.cloudfront.net/product-image/file/large_4e9f5d74-1fc6-412f-ade7-86c94e47cb64.jpg",
   "Image 2": "",
   "Product Link": "https://www.instacart.com/store/items/14998699?source1=aisle&source2=541&source3=541&impressionId=cea88a58-8512-4b6f-b3b1-695b0b7a050a",
   "FIELD9": ""
 },
 {
   "category": "Beverages",
   "subcategory": "Soft Drinks",
   "name": "Izze Sparkling Pomegranate Juice Beverage\n",
   "price": "4.99",
   "description": "4 x 12 fl oz�",
   "image": "https://d2lnr5mha7bycj.cloudfront.net/product-image/file/large_d5b1f176-0d76-4079-9c53-4803357dd710.jpg",
   "Image 2": "",
   "Product Link": "https://www.instacart.com/store/items/4538334?source1=aisle&source2=541&source3=541&impressionId=4afcbb6e-ebc1-422d-ad45-3b10cec045a8",
   "FIELD9": ""
 },
 {
   "category": "Beverages",
   "subcategory": "Soft Drinks",
   "name": "365 Cola\n",
   "price": "2.99",
   "description": "6 x 12 fl oz�",
   "image": "https://d2lnr5mha7bycj.cloudfront.net/product-image/file/large_5359d342-699e-4c74-8fbf-e2eb19b6a0ce.jpg",
   "Image 2": "",
   "Product Link": "https://www.instacart.com/store/items/4457552?source1=aisle&source2=541&source3=541&impressionId=53bec570-2106-4314-b292-9f5e91eacb89",
   "FIELD9": ""
 },
 {
   "category": "Beverages",
   "subcategory": "Soft Drinks",
   "name": "365 Ginger Ale\n",
   "price": "1.99",
   "description": "2 l�",
   "image": "https://d2lnr5mha7bycj.cloudfront.net/product-image/file/large_2abc82fa-8093-4808-91c4-35116d3c33fa.jpg",
   "Image 2": "",
   "Product Link": "https://www.instacart.com/store/items/4574736?source1=aisle&source2=541&source3=541&impressionId=ea0a798a-e209-4c4c-b4e8-c29cbf9ed8af",
   "FIELD9": ""
 },
 {
   "category": "Beverages",
   "subcategory": "Soft Drinks",
   "name": "Izze Sparkling Grapefruit Juice Beverage\n",
   "price": "4.99",
   "description": "4 x 12 fl oz�",
   "image": "https://d2lnr5mha7bycj.cloudfront.net/product-image/file/large_daea6d9a-7b68-4f26-a899-a18a799c6712.jpg",
   "Image 2": "",
   "Product Link": "https://www.instacart.com/store/items/4538816?source1=aisle&source2=541&source3=541&impressionId=a9a46d23-cbe5-42b9-8a5e-a9158198e9f2",
   "FIELD9": ""
 },
 {
   "category": "Beverages",
   "subcategory": "Soft Drinks",
   "name": "365 Root Beer\n",
   "price": "2.99",
   "description": "6 x 12 fl oz�",
   "image": "https://d2lnr5mha7bycj.cloudfront.net/product-image/file/large_474a6df3-6030-4b51-b4b3-3a5bd69614bb.jpg",
   "Image 2": "",
   "Product Link": "https://www.instacart.com/store/items/4457761?source1=aisle&source2=541&source3=541&impressionId=f1adf1ce-bb02-4080-9dae-972286006046",
   "FIELD9": ""
 },
 {
   "category": "Beverages",
   "subcategory": "Soft Drinks",
   "name": " Zevia Zero Calorie Cola Soda\n",
   "price": "4.99",
   "description": "6 x 12 fl oz�",
   "image": "https://d2lnr5mha7bycj.cloudfront.net/product-image/file/large_6d1ff85d-4692-4630-afdd-492649621ffc.jpg",
   "Image 2": "",
   "Product Link": "https://www.instacart.com/store/items/4537361?source1=aisle&source2=541&source3=541&impressionId=c7e45b5b-72ca-48e0-9f20-1bd2fa713956",
   "FIELD9": ""
 },
 {
   "category": "Beverages",
   "subcategory": "Soft Drinks",
   "name": "365 Tonic Water\n",
   "price": "2.99",
   "description": "6 x 12 oz�",
   "image": "https://d2lnr5mha7bycj.cloudfront.net/product-image/file/large_6cdcbf29-17c5-4557-bcd1-a96e83a1257d.jpg",
   "Image 2": "",
   "Product Link": "https://www.instacart.com/store/items/4488215?source1=aisle&source2=541&source3=541&impressionId=9dd443cc-90ab-4581-b8f4-7219f1bc0a7b",
   "FIELD9": ""
 },
 {
   "category": "Beverages",
   "subcategory": "Soft Drinks",
   "name": "Izze Sparkling Peach Juice Beverage\n",
   "price": "4.99",
   "description": "4 x 12 fl oz�",
   "image": "https://d2lnr5mha7bycj.cloudfront.net/product-image/file/large_5821b495-8084-4621-bbfe-adc50ac88b70.jpg",
   "Image 2": "",
   "Product Link": "https://www.instacart.com/store/items/4543815?source1=aisle&source2=541&source3=541&impressionId=781f6aa2-6a77-4fab-b5a7-9e01eb149654",
   "FIELD9": ""
 },
 {
   "category": "Beverages",
   "subcategory": "Cocoa & Drink Mixes",
   "name": "Perrier Lime Sparkling Natural Mineral Water\n",
   "price": "1.69",
   "description": "25.3 fl oz ",
   "image": "https://d2lnr5mha7bycj.cloudfront.net/product-image/file/large_5da7454e-5f8d-4919-a7da-7b64e74316cf.JPG",
   "Image 2": "",
   "Product Link": "https://www.instacart.com/store/items/21037416?source1=aisle&source2=543&source3=543&impressionId=461dcf9f-19dc-4ad1-a642-5014c3403293",
   "FIELD9": ""
 },
 {
   "category": "Beverages",
   "subcategory": "Cocoa & Drink Mixes",
   "name": "365 Organic Cocoa Powder\n",
   "price": "5.99",
   "description": "8 oz�",
   "image": "https://d2lnr5mha7bycj.cloudfront.net/product-image/file/large_4edad641-4b39-4b9b-b651-332ed51f8e6f.jpg",
   "Image 2": "",
   "Product Link": "https://www.instacart.com/store/items/35675782?source1=aisle&source2=543&source3=543&impressionId=e1293fff-a6bf-4ac2-92ad-f331d29a4694",
   "FIELD9": ""
 },
 {
   "category": "Beverages",
   "subcategory": "Cocoa & Drink Mixes",
   "name": "365 Electrolyte Water\n",
   "price": "1.19",
   "description": "750 ml�",
   "image": "https://d2lnr5mha7bycj.cloudfront.net/product-image/file/large_4c5a6215-0cc4-4146-9667-50677c2c4dfe.jpg",
   "Image 2": "",
   "Product Link": "https://www.instacart.com/store/items/4479092?source1=aisle&source2=543&source3=543&impressionId=c7203a9b-9c87-401f-a7cc-1277dd7a89e9",
   "FIELD9": ""
 },
 {
   "category": "Beverages",
   "subcategory": "Cocoa & Drink Mixes",
   "name": "365 Organic Hot Cocoa Mix\n",
   "price": "3.99",
   "description": "12 oz�",
   "image": "https://d2lnr5mha7bycj.cloudfront.net/product-image/file/large_b13c736e-e9a6-4340-bff2-fc096724f5dd.jpg",
   "Image 2": "",
   "Product Link": "https://www.instacart.com/store/items/4480947?source1=aisle&source2=543&source3=543&impressionId=2c91f342-11e3-4ce9-a04e-a8761d242a61",
   "FIELD9": ""
 },
 {
   "category": "Beverages",
   "subcategory": "Cocoa & Drink Mixes",
   "name": "365 Organic Hot Cocoa Mix\n",
   "price": "3.99",
   "description": "10 x 1 oz�",
   "image": "https://d2lnr5mha7bycj.cloudfront.net/product-image/file/large_eb6f25b0-307b-485c-8148-21427b2b698f.jpg",
   "Image 2": "",
   "Product Link": "https://www.instacart.com/store/items/4480994?source1=aisle&source2=543&source3=543&impressionId=4c6db120-91b3-454d-90f4-22061a2bc96d",
   "FIELD9": ""
 },
 {
   "category": "Beverages",
   "subcategory": "Cocoa & Drink Mixes",
   "name": "Rapunzel Organic Cocoa Powder\n",
   "price": "9.99",
   "description": "7.1 oz�",
   "image": "https://d2lnr5mha7bycj.cloudfront.net/product-image/file/large_10b22480-6f76-4cca-ac7f-662c65d41bda.jpg",
   "Image 2": "",
   "Product Link": "https://www.instacart.com/store/items/4542640?source1=aisle&source2=543&source3=543&impressionId=7b2b3623-d0c0-45c6-86e6-abdb31c7f91e",
   "FIELD9": ""
 },
 {
   "category": "Beverages",
   "subcategory": "Cocoa & Drink Mixes",
   "name": "Nuun Active Effervescent Electrolyte Supplement Tablets Lemon + Lime - 10 CT\n",
   "price": "6.99",
   "description": "1.8 oz�",
   "image": "https://d2lnr5mha7bycj.cloudfront.net/product-image/file/large_6f48bfaa-312c-4317-8575-5c0f2ec0831d.jpg",
   "Image 2": "",
   "Product Link": "https://www.instacart.com/store/items/14225882?source1=aisle&source2=543&source3=543&impressionId=dc196156-0f0c-4682-b9f9-6019b72ae323",
   "FIELD9": ""
 },
 {
   "category": "Beverages",
   "subcategory": "Cocoa & Drink Mixes",
   "name": "Vega One Plant-Based Mocha Flavor Nutritional Shake Drink Mix\n",
   "price": "3.99",
   "description": "1.5 oz�",
   "image": "https://d2lnr5mha7bycj.cloudfront.net/product-image/file/large_6b73af3b-09f1-48b4-a125-4c8aed817afe.JPG",
   "Image 2": "",
   "Product Link": "https://www.instacart.com/store/items/22343220?source1=aisle&source2=543&source3=543&impressionId=05f5781b-dde3-4079-876a-b92b1e9d3453",
   "FIELD9": ""
 },
 {
   "category": "Beverages",
   "subcategory": "Cocoa & Drink Mixes",
   "name": "Lake Champlain Chocolates Tradtional Hot Chocolate Mix\n",
   "price": "11.99",
   "description": "16 oz�",
   "image": "https://d2lnr5mha7bycj.cloudfront.net/product-image/file/large_9dbcaa29-52a2-4416-bab5-7f41dc5161ad.jpg",
   "Image 2": "",
   "Product Link": "https://www.instacart.com/store/items/4518464?source1=aisle&source2=543&source3=543&impressionId=a8610a8b-75e7-4b5a-b960-211a6c622cf3",
   "FIELD9": ""
 },
 {
   "category": "Beverages",
   "subcategory": "Cocoa & Drink Mixes",
   "name": "Divine Cocoa Powder\n",
   "price": "4.69",
   "description": "4.4 oz�",
   "image": "https://d2lnr5mha7bycj.cloudfront.net/product-image/file/large_59f32ba6-e2ea-4f61-8a84-f5bd7785faec.jpg",
   "Image 2": "",
   "Product Link": "https://www.instacart.com/store/items/8198496?source1=aisle&source2=543&source3=543&impressionId=114bec1a-9c8a-477b-a622-bf4b67fcb553",
   "FIELD9": ""
 },
 {
   "category": "Beverages",
   "subcategory": "Cocoa & Drink Mixes",
   "name": "Amazing Grass Alkalize Detox Green Super Food Single Packet\n",
   "price": "1.99",
   "description": "0.25 oz�",
   "image": "https://d2lnr5mha7bycj.cloudfront.net/product-image/file/large_ec14a21f-48be-422a-b582-9688bf2201c7.jpg",
   "Image 2": "",
   "Product Link": "https://www.instacart.com/store/items/9603464?source1=aisle&source2=543&source3=543&impressionId=2a1e0f47-3fa8-4fdf-b899-54f615f5a8dc",
   "FIELD9": ""
 },
 {
   "category": "Beverages",
   "subcategory": "Cocoa & Drink Mixes",
   "name": "365 Raspberry Flavored Electrolyte Plus+ Powder",
   "price": "0.49",
   "description": "0.18 oz�",
   "image": "https://d2lnr5mha7bycj.cloudfront.net/product-image/file/large_5f593f78-2862-4de1-914d-5a2a859e0034.jpg",
   "Image 2": "",
   "Product Link": "https://www.instacart.com/store/items/32341896?source1=aisle&source2=543&source3=543&impressionId=dba2b87e-71f5-4be5-8f35-21fb09ed7797",
   "FIELD9": ""
 },
 {
   "category": "Beverages",
   "subcategory": "Cocoa & Drink Mixes",
   "name": "Equal Exchange Organic Hot Cocoa",
   "price": "8.49",
   "description": "8 oz",
   "image": "https://d2lnr5mha7bycj.cloudfront.net/product-image/file/large_2357eeb3-bae1-4374-ad12-3795b95f5f1a.jpg",
   "Image 2": "",
   "Product Link": "https://www.instacart.com/store/items/4536360?source1=aisle&source2=543&source3=543&impressionId=c0246262-4505-4684-a5ad-ffe12bc0c4c8",
   "FIELD9": ""
 },
 {
   "category": "Beverages",
   "subcategory": "Cocoa & Drink Mixes",
   "name": "365 Effervescent Vitamin C Raspberry Mix\n",
   "price": "7.99",
   "description": "30 x .3 oz�",
   "image": "https://d2lnr5mha7bycj.cloudfront.net/product-image/file/large_46faeb9b-4c43-4bec-97f5-5862b8e8840d.jpg",
   "Image 2": "",
   "Product Link": "https://www.instacart.com/store/items/4515414?source1=aisle&source2=543&source3=543&impressionId=40bbfa30-67c1-4eb5-b2d9-489be966cdfa",
   "FIELD9": ""
 },
 {
   "category": "Beverages",
   "subcategory": "Cocoa & Drink Mixes",
   "name": "Lake Champlain Chocolates Organic Whole Trade Hot Chocolate\n",
   "price": "12.99",
   "description": "16�",
   "image": "https://d2lnr5mha7bycj.cloudfront.net/product-image/file/large_fd5451a4-a165-40a3-a888-4feb7b810f45.jpg",
   "Image 2": "",
   "Product Link": "https://www.instacart.com/store/items/4543659?source1=aisle&source2=543&source3=543&impressionId=0d4a5bf3-6ad7-4bb1-85fb-8933df3496f9",
   "FIELD9": ""
 },
 {
   "category": "Beverages",
   "subcategory": "Cocoa & Drink Mixes",
   "name": "Nuun Energy Lemon Lime Tabs\n",
   "price": "6.99",
   "description": "10 ct�",
   "image": "https://d2lnr5mha7bycj.cloudfront.net/product-image/file/large_c1281df2-4b07-43f8-afda-24c691ddc5d4.jpg",
   "Image 2": "",
   "Product Link": "https://www.instacart.com/store/items/32341921?source1=aisle&source2=543&source3=543&impressionId=2e8618e1-34df-475c-8122-883542a6a01b",
   "FIELD9": ""
 },
 {
   "category": "Beverages",
   "subcategory": "Cocoa & Drink Mixes",
   "name": "Powell & Mahoney Simple Syrup\n",
   "price": "5.99",
   "description": "12.68 oz�",
   "image": "https://d2lnr5mha7bycj.cloudfront.net/product-image/file/large_acea64f5-0d5c-4880-aea3-b6263d0a6a38.jpg",
   "Image 2": "",
   "Product Link": "https://www.instacart.com/store/items/29085413?source1=aisle&source2=543&source3=543&impressionId=2c2d1e03-1d1a-411b-9ae5-9f68ba389e93",
   "FIELD9": ""
 },
 {
   "category": "Beverages",
   "subcategory": "Cocoa & Drink Mixes",
   "name": "Nuun All Day Grape Raspberry Drink Tabs\n",
   "price": "7.99",
   "description": "15 count�",
   "image": "https://d2lnr5mha7bycj.cloudfront.net/product-image/file/large_7df1a577-182d-4565-ac13-23b8620979bb.jpg",
   "Image 2": "",
   "Product Link": "https://www.instacart.com/store/items/4496682?source1=aisle&source2=543&source3=543&impressionId=19af2787-2094-4c3f-8260-3fee1c7ddad8",
   "FIELD9": ""
 },
 {
   "category": "Beverages",
   "subcategory": "Cocoa & Drink Mixes",
   "name": "Teeccino Organic Dandelion Dark Roast Herbal Coffee\n",
   "price": "5.99",
   "description": "10 x 2.12 oz��",
   "image": "https://d2lnr5mha7bycj.cloudfront.net/product-image/file/large_29eca588-01e1-41e7-9ba0-094e614d3fd6.jpg",
   "Image 2": "",
   "Product Link": "https://www.instacart.com/store/items/4494598?source1=aisle&source2=543&source3=543&impressionId=35211708-bb81-44ed-a629-8485858c2581",
   "FIELD9": ""
 },
 {
   "category": "Beverages",
   "subcategory": "Cocoa & Drink Mixes",
   "name": "Lake Champlain Chocolates Mocha Hot Chocolate\n",
   "price": "11.99",
   "description": "16 oz�",
   "image": "https://d2lnr5mha7bycj.cloudfront.net/product-image/file/large_a0692ea5-6a45-443c-aa2f-8c9c0d8b0d44.jpg",
   "Image 2": "",
   "Product Link": "https://www.instacart.com/store/items/4518388?source1=aisle&source2=543&source3=543&impressionId=562a6642-1aed-4806-8f0a-428e19cabb23",
   "FIELD9": ""
 },
 {
   "category": "Beverages",
   "subcategory": "Coupons",
   "name": "Izze Sparkling Clementine Juice Beverage\n",
   "price": "4.49",
   "description": "4 x 12 fl oz",
   "image": "https://d2lnr5mha7bycj.cloudfront.net/product-image/file/large_26aa05c0-6de8-479e-9d78-7acf9b903b61.jpg",
   "Image 2": "",
   "Product Link": "https://www.instacart.com/store/items/4538721?source1=aisle&source2=3000087&source3=3000087&impressionId=2c31876b-ab7e-4b01-910d-66a387c586f4",
   "FIELD9": ""
 },
 {
   "category": "Beverages",
   "subcategory": "Coupons",
   "name": "Izze Sparkling Blackberry Juice Beverage\n",
   "price": "4.49",
   "description": "4 x 12 fl oz�",
   "image": "https://d2lnr5mha7bycj.cloudfront.net/product-image/file/large_50abd18c-47a5-46d8-b6d8-376adcef6bd0.jpg",
   "Image 2": "",
   "Product Link": "https://www.instacart.com/store/items/4538941?source1=aisle&source2=3000087&source3=3000087&impressionId=9496abcf-7a60-4948-97bb-57148abe25d4",
   "FIELD9": ""
 },
 {
   "category": "Beverages",
   "subcategory": "Coupons",
   "name": "O.N.E. Coconut Water Pure Coconut Water\n",
   "price": "4.24",
   "description": "33.8 fl oz�",
   "image": "https://d2lnr5mha7bycj.cloudfront.net/product-image/file/large_01373c0e-3453-4a7a-ab69-97a1e0427262.jpg",
   "Image 2": "",
   "Product Link": "https://www.instacart.com/store/items/4588145?source1=aisle&source2=3000087&source3=3000087&impressionId=eed2e903-f83f-44a5-b391-c2ef94d81ff6",
   "FIELD9": ""
 },
 {
   "category": "Beverages",
   "subcategory": "Coupons",
   "name": "Califia Farms Cafe Latte Cold Brew Coffee with Almondmilk\n",
   "price": "5.99",
   "description": "48 oz�",
   "image": "https://d2lnr5mha7bycj.cloudfront.net/product-image/file/large_b72d9608-04a1-469d-b078-f42086e3a36d.jpg",
   "Image 2": "",
   "Product Link": "https://www.instacart.com/store/items/21324974?source1=aisle&source2=3000087&source3=3000087&impressionId=d4c8c617-dba1-42bd-9ea8-e71ca5df9edf",
   "FIELD9": ""
 },
 {
   "category": "Beverages",
   "subcategory": "Coupons",
   "name": "Izze Sparkling Pomegranate Juice Beverage\n",
   "price": "4.49",
   "description": "4 x 12 fl oz�",
   "image": "https://d2lnr5mha7bycj.cloudfront.net/product-image/file/large_d5b1f176-0d76-4079-9c53-4803357dd710.jpg",
   "Image 2": "",
   "Product Link": "https://www.instacart.com/store/items/4538334?source1=aisle&source2=3000087&source3=3000087&impressionId=2a0a88fe-bf73-4427-9e8d-488645e57478",
   "FIELD9": ""
 },
 {
   "category": "Beverages",
   "subcategory": "Coupons",
   "name": "Califia Farms Orange Juice\n",
   "price": "5.49",
   "description": "48 oz�",
   "image": "https://d2lnr5mha7bycj.cloudfront.net/product-image/file/large_3add2f33-33c4-4ba7-b95b-359a4e21a79e.jpg",
   "Image 2": "",
   "Product Link": "https://www.instacart.com/store/items/4527762?source1=aisle&source2=3000087&source3=3000087&impressionId=2a01abd2-5c10-42dc-b9d4-2a65d65b3580",
   "FIELD9": ""
 },
 {
   "category": "Beverages",
   "subcategory": "Coupons",
   "name": "Naked Juice Green Machine Chilled Juice\n",
   "price": "7.49",
   "description": "64 fl oz",
   "image": "https://d2lnr5mha7bycj.cloudfront.net/product-image/file/large_4ed8457f-0970-409f-9f90-d799905743a8.jpg",
   "Image 2": "",
   "Product Link": "https://www.instacart.com/store/items/4486055?source1=aisle&source2=3000087&source3=3000087&impressionId=defb1276-d4b1-4478-babc-69753b7025e6",
   "FIELD9": ""
 },
 {
   "category": "Beverages",
   "subcategory": "Coupons",
   "name": "Califia Farms Mocha Cold Brew Coffee with Almondmilk\n",
   "price": "5.99",
   "description": "48 fl oz�",
   "image": "https://d2lnr5mha7bycj.cloudfront.net/product-image/file/large_f065d1b3-1230-47c8-aa95-653422e1816a.jpg",
   "Image 2": "",
   "Product Link": "https://www.instacart.com/store/items/4516679?source1=aisle&source2=3000087&source3=3000087&impressionId=bf3ff5c5-f7f7-403c-84d5-e30ab72465db",
   "FIELD9": ""
 },
 {
   "category": "Beverages",
   "subcategory": "Coupons",
   "name": "Izze Sparkling Grapefruit Juice Beverage\n",
   "price": "4.49",
   "description": "4 x 12 fl oz ",
   "image": "https://d2lnr5mha7bycj.cloudfront.net/product-image/file/large_daea6d9a-7b68-4f26-a899-a18a799c6712.jpg",
   "Image 2": "",
   "Product Link": "",
   "FIELD9": ""
 },
 {
   "category": "Beverages",
   "subcategory": "Coupons",
   "name": "Califia Farms XX Espresso Cold Brew Coffee with Almondmilk\n",
   "price": "2.99",
   "description": "10.5 oz�",
   "image": "https://d2lnr5mha7bycj.cloudfront.net/product-image/file/large_76d46930-5054-4409-9aed-208e418af124.jpg",
   "Image 2": "",
   "Product Link": "https://www.instacart.com/store/items/4505167?source1=aisle&source2=3000087&source3=3000087&impressionId=a2b19615-ebfc-4ae3-8b11-d4b2d3e7cf53",
   "FIELD9": ""
 },
 {
   "category": "Beverages",
   "subcategory": "Coupons",
   "name": "Izze Sparkling Peach Juice Beverage\n",
   "price": "4.49",
   "description": "4 x 12 fl oz�",
   "image": "https://d2lnr5mha7bycj.cloudfront.net/product-image/file/large_5821b495-8084-4621-bbfe-adc50ac88b70.jpg",
   "Image 2": "",
   "Product Link": "https://www.instacart.com/store/items/4543815?source1=aisle&source2=3000087&source3=3000087&impressionId=27cb766f-58d0-480e-9adc-f72521113529",
   "FIELD9": ""
 },
 {
   "category": "Beverages",
   "subcategory": "Coupons",
   "name": "Naked Juice Mighty Mango Chilled Juice\n",
   "price": "3.29",
   "description": "15.2 fl oz�",
   "image": "https://d2lnr5mha7bycj.cloudfront.net/product-image/file/large_09fb525e-56e9-44ec-af74-f08f52eb45f8.jpg",
   "Image 2": "",
   "Product Link": "https://www.instacart.com/store/items/4486381?source1=aisle&source2=3000087&source3=3000087&impressionId=f73429a9-f7fe-4859-a106-e7cd07ea3f4f",
   "FIELD9": ""
 },
 {
   "category": "Beverages",
   "subcategory": "Coupons",
   "name": "Izze Sparkling Apple Juice Beverage\n",
   "price": "4.49",
   "description": "4 x 12 fl oz�",
   "image": "https://d2lnr5mha7bycj.cloudfront.net/product-image/file/large_9a1a4e35-8386-4088-9051-9959be002c2e.jpg",
   "Image 2": "",
   "Product Link": "https://www.instacart.com/store/items/21823286?source1=aisle&source2=3000087&source3=3000087&impressionId=2ff99d9a-dddc-4862-9269-4cfb7ff813ab",
   "FIELD9": ""
 },
 {
   "category": "Beverages",
   "subcategory": "Coupons",
   "name": "Califia Farms Salted Caramel Cold Brew Coffee with Almondmilk\n",
   "price": "2.99",
   "description": "10.5 oz�",
   "image": "https://d2lnr5mha7bycj.cloudfront.net/product-image/file/large_a7a2729c-e754-4d37-8303-6c6e90c3d4cc.jpg",
   "Image 2": "",
   "Product Link": "",
   "FIELD9": ""
 },
 {
   "category": "Beverages",
   "subcategory": "Coupons",
   "name": "Naked Juice Blue Machine Chilled Juice\n",
   "price": "7.49",
   "description": "64 fl oz�",
   "image": "https://d2lnr5mha7bycj.cloudfront.net/product-image/file/large_24bb6097-efe2-401f-b318-0f633aea4a46.jpg",
   "Image 2": "",
   "Product Link": "https://www.instacart.com/store/items/4485589?source1=aisle&source2=3000087&source3=3000087&impressionId=41c03718-9702-4b2e-8eaf-7423fa8e5db5",
   "FIELD9": ""
 },
 {
   "category": "Beverages",
   "subcategory": "Coupons",
   "name": "Califia Farms Tangerine Juice\n",
   "price": "4.49\n",
   "description": "48 oz ",
   "image": "https://d2lnr5mha7bycj.cloudfront.net/product-image/file/large_dcf33c81-64b1-4f76-88a1-ed330ea56bc5.jpg",
   "Image 2": "",
   "Product Link": "https://www.instacart.com/store/items/27977519?source1=aisle&source2=3000087&source3=3000087&impressionId=0a87bae9-7c82-4329-8b1e-e958547bf5cd",
   "FIELD9": ""
 },
 {
   "category": "Beverages",
   "subcategory": "Coupons",
   "name": "PG Tips Premiun Black Tea Pyramid Bags\n",
   "price": "8.99",
   "description": "80 ct ",
   "image": "https://d2lnr5mha7bycj.cloudfront.net/product-image/file/large_87fde648-04f7-4859-a06f-fab0d904f34b.jpg",
   "Image 2": "",
   "Product Link": "https://www.instacart.com/store/items/4523015?source1=aisle&source2=3000087&source3=3000087&impressionId=78e43966-9fb6-4cd3-9b3d-843cb53f9ba0",
   "FIELD9": ""
 },
 {
   "category": "Beverages",
   "subcategory": "Coupons",
   "name": "Califia Farms Cocoa Noir Cold Brew Coffee with Almondmilk\n",
   "price": "2.99",
   "description": "10.5 oz�",
   "image": "https://d2lnr5mha7bycj.cloudfront.net/product-image/file/large_37c43a67-9118-4ecc-99ee-65d0a4a239c0.jpg",
   "Image 2": "",
   "Product Link": "https://www.instacart.com/store/items/4505030?source1=aisle&source2=3000087&source3=3000087&impressionId=19e9bb43-d617-475f-bd0e-74a616c217d5",
   "FIELD9": ""
 },
 {
   "category": "Beverages",
   "subcategory": "Coupons",
   "name": "Naked Juice Strawberry Banana Chilled Juice\n",
   "price": "3.29",
   "description": "15.2 fl oz�",
   "image": "https://d2lnr5mha7bycj.cloudfront.net/product-image/file/large_5f8c1adc-2cc9-4476-b3ee-bd7693813af8.jpg",
   "Image 2": "",
   "Product Link": "https://www.instacart.com/store/items/4486565?source1=aisle&source2=3000087&source3=3000087&impressionId=b77c94ca-e9be-4dcb-8efc-ff84dc67d7bc",
   "FIELD9": ""
 },
 {
   "category": "Beverages",
   "subcategory": "Coupons",
   "name": "Izze Sparkling Grapefruit Juice Beverage\n",
   "price": "1.59",
   "description": "12 oz�",
   "image": "https://d2lnr5mha7bycj.cloudfront.net/product-image/file/large_69f41a4f-5a30-4298-862d-dae2e88378e2.JPG",
   "Image 2": "",
   "Product Link": "https://www.instacart.com/store/items/4539445?source1=aisle&source2=3000087&source3=3000087&impressionId=ea57b8f3-6429-4eb8-b472-8c0c671cb5e0",
   "FIELD9": ""
 },
 {
   "category": "Deli",
   "subcategory": "Specialty Cheeses",
   "name": "365 Organic Shredded Mexican Blend\n",
   "price": "7.99",
   "description": "12 oz�",
   "image": "https://d2lnr5mha7bycj.cloudfront.net/product-image/file/large_9bfd621b-b5b6-47ba-bd6e-d94a9f1eb3fc.jpg",
   "Image 2": "",
   "Product Link": "https://www.instacart.com/store/items/4516669?source1=aisle&source2=3569&source3=3569&impressionId=61687846-cb9a-4e6e-a2d3-ff3b802d7aa6",
   "FIELD9": ""
 },
 {
   "category": "Deli",
   "subcategory": "Specialty Cheeses",
   "name": "365 Medium Cheddar Cheese Block\n",
   "price": "3.99",
   "description": "8 oz�",
   "image": "https://d2lnr5mha7bycj.cloudfront.net/product-image/file/large_50b7156b-90db-432d-a4bc-9eb406f62b1d.jpg",
   "Image 2": "",
   "Product Link": "https://www.instacart.com/store/items/4462659?source1=aisle&source2=3569&source3=3569&impressionId=0865ab57-4934-41e8-ba40-bd7a8af13130",
   "FIELD9": ""
 },
 {
   "category": "Deli",
   "subcategory": "Specialty Cheeses",
   "name": "Whole Foods Market Aged 3 Month Manchego Cheese\n",
   "price": "7.21",
   "description": "Price Estimate: $7.21 ($17.59/lb � 0.41 lb)",
   "image": "https://d2lnr5mha7bycj.cloudfront.net/product-image/file/large_b44b8a0f-1af9-4c5d-a29f-fa142932553a.jpg",
   "Image 2": "",
   "Product Link": "https://www.instacart.com/store/items/22208390?source1=aisle&source2=3569&source3=3569&impressionId=fa68ece5-e749-49f2-9523-831378d1b237",
   "FIELD9": ""
 },
 {
   "category": "Deli",
   "subcategory": "Specialty Cheeses",
   "name": "Whole Foods Market Fresh Mozzarella Ball\n",
   "price": "4.99",
   "description": "8 oz�",
   "image": "https://d2lnr5mha7bycj.cloudfront.net/product-image/file/large_18bcad26-362a-4ea6-9b29-2fdb79c321b8.jpg",
   "Image 2": "",
   "Product Link": "https://www.instacart.com/store/items/4502166?source1=aisle&source2=3569&source3=3569&impressionId=59574489-4626-4b97-8b87-2ec733f72076",
   "FIELD9": ""
 },
 {
   "category": "Deli",
   "subcategory": "Specialty Cheeses",
   "name": "365 Taditional Greek Recipe Feta Cheese Block in Brine\n",
   "price": "7.99",
   "description": "16 oz�",
   "image": "https://d2lnr5mha7bycj.cloudfront.net/product-image/file/large_79087ba1-1880-42d7-96a9-ed1909189547.jpg",
   "Image 2": "",
   "Product Link": "https://www.instacart.com/store/items/4519312?source1=aisle&source2=3569&source3=3569&impressionId=1014482b-60ca-4fd5-9c1f-41d5a271ae0a",
   "FIELD9": ""
 },
 {
   "category": "Deli",
   "subcategory": "Specialty Cheeses",
   "name": "Mitica Parmigiano Reggiano Aged 24 Month\n",
   "price": "21.99",
   "description": "",
   "image": "https://d2lnr5mha7bycj.cloudfront.net/product-image/file/large_a1ed79b3-36ba-4ce5-abed-4319b0a3722d.jpg",
   "Image 2": "",
   "Product Link": "https://www.instacart.com/store/items/12985969?source1=aisle&source2=3569&source3=3569&impressionId=738fbb91-f846-42fa-a123-3c3d2eb64b45",
   "FIELD9": ""
 },
 {
   "category": "Deli",
   "subcategory": "Specialty Cheeses",
   "name": "365 Grated Parmesan Cheese\n",
   "price": "3.99",
   "description": "8 oz�",
   "image": "https://d2lnr5mha7bycj.cloudfront.net/product-image/file/large_ac302e70-9249-4f76-82ad-66b73aba7141.jpg",
   "Image 2": "",
   "Product Link": "https://www.instacart.com/store/items/26229737?source1=aisle&source2=3569&source3=3569&impressionId=6aeecbb0-e4be-4ffb-a9e8-e644d8ef70e1",
   "FIELD9": ""
 },
 {
   "category": "Deli",
   "subcategory": "Specialty Cheeses",
   "name": "Boursin Garlic & Fine Herbs Gournay Cheese\n",
   "price": "4.99",
   "description": "5.2 oz�",
   "image": "https://d2lnr5mha7bycj.cloudfront.net/product-image/file/large_76f36010-9f50-4746-b200-c46fdb3b81e6.jpg",
   "Image 2": "",
   "Product Link": "https://www.instacart.com/store/items/21716543?source1=aisle&source2=3569&source3=3569&impressionId=a3c9ca9f-a213-40c4-b4ca-270bb7a742b1",
   "FIELD9": ""
 },
 {
   "category": "Deli",
   "subcategory": "Specialty Cheeses",
   "name": "365 Goat Cheese Log\n",
   "price": "7.99",
   "description": "11 oz�",
   "image": "https://d2lnr5mha7bycj.cloudfront.net/product-image/file/large_12cdfc4e-8913-457a-9acd-b101f608a53e.jpg",
   "Image 2": "",
   "Product Link": "https://www.instacart.com/store/items/4519445?source1=aisle&source2=3569&source3=3569&impressionId=d85bfb7d-7310-499d-a814-8a8a9d710462",
   "FIELD9": ""
 },
 {
   "category": "Deli",
   "subcategory": "Specialty Cheeses",
   "name": "Whole Foods Market Ciliegine Fresh Mozzarella\n",
   "price": "4.99",
   "description": "8 oz�",
   "image": "https://d2lnr5mha7bycj.cloudfront.net/product-image/file/large_c5564bde-4478-4e3d-9d11-1aeecac6515f.jpg",
   "Image 2": "",
   "Product Link": "https://www.instacart.com/store/items/14334104?source1=aisle&source2=3569&source3=3569&impressionId=8db90ab0-e2c2-411a-855b-8fd17c5f0555",
   "FIELD9": ""
 },
 {
   "category": "Deli",
   "subcategory": "Specialty Cheeses",
   "name": "Sartori Parmesan Sarvecchio Cheese\n",
   "price": "7.32",
   "description": "Price Estimate: $7.32�($19.79/lb נ0.37�lb)",
   "image": "https://d2lnr5mha7bycj.cloudfront.net/product-image/file/large_49a7b04b-432b-472d-8a30-fe1df052d748.jpg",
   "Image 2": "",
   "Product Link": "https://www.instacart.com/store/items/11188621?source1=aisle&source2=3569&source3=3569&impressionId=2016af0b-c05f-484d-9c7f-16c0db66ae1a",
   "FIELD9": ""
 },
 {
   "category": "Deli",
   "subcategory": "Specialty Cheeses",
   "name": "Mitica Drunken Goat Cheese\n",
   "price": "19.79",
   "description": "lb",
   "image": "https://d2lnr5mha7bycj.cloudfront.net/product-image/file/large_797c400c-a6e9-409c-aa4f-1319c5353c67.jpg",
   "Image 2": "",
   "Product Link": "https://www.instacart.com/store/items/11204048?source1=aisle&source2=3569&source3=3569&impressionId=472273e4-d892-4a79-97b5-fe50d997bd87",
   "FIELD9": ""
 },
 {
   "category": "Deli",
   "subcategory": "Specialty Cheeses",
   "name": "365 Cracker Cuts Sliced Cheese Variety Pack\n",
   "price": "7.99",
   "description": "16 oz�",
   "image": "https://d2lnr5mha7bycj.cloudfront.net/product-image/file/large_0dde5e79-1175-4acd-8aa4-98e4336e5b30.jpg",
   "Image 2": "",
   "Product Link": "https://www.instacart.com/store/items/4517060?source1=aisle&source2=3569&source3=3569&impressionId=1853a4d7-db9b-46eb-8878-301117611b40",
   "FIELD9": ""
 },
 {
   "category": "Deli",
   "subcategory": "Specialty Cheeses",
   "name": "365 Mild Sliced Cheddar Cheese\n",
   "price": "5.99",
   "description": "12 ct�",
   "image": "https://d2lnr5mha7bycj.cloudfront.net/product-image/file/large_df7c7977-8385-4d07-84e1-00d9602f9190.jpg",
   "Image 2": "",
   "Product Link": "https://www.instacart.com/store/items/44288163?source1=aisle&source2=3569&source3=3569&impressionId=f597dd31-c261-49db-92c3-e0a33038cc2f",
   "FIELD9": ""
 },
 {
   "category": "Deli",
   "subcategory": "Specialty Cheeses",
   "name": "Cowgirl Creamery Organic Cheese Mt Tam Triple Creme\n",
   "price": "32.99",
   "description": " lb",
   "image": "https://d2lnr5mha7bycj.cloudfront.net/product-image/file/large_0af8552f-a165-45c5-8b68-55ab6c0678f1.jpg",
   "Image 2": "",
   "Product Link": "https://www.instacart.com/store/items/22348227?source1=aisle&source2=3569&source3=3569&impressionId=9e0bc90d-993d-42e5-9d8b-2f7c0ef3af20",
   "FIELD9": ""
 },
 {
   "category": "Deli",
   "subcategory": "Specialty Cheeses",
   "name": "Whole Foods Market Fresh Mozzarella Ovoline\n",
   "price": "5.99",
   "description": "12 oz�",
   "image": "https://d2lnr5mha7bycj.cloudfront.net/product-image/file/large_8401bc49-304b-4e86-a74e-6277836cb09f.jpg",
   "Image 2": "",
   "Product Link": "https://www.instacart.com/store/items/4463734?source1=aisle&source2=3569&source3=3569&impressionId=73d6e06e-410d-4030-9fa0-215b9c5e9a1b",
   "FIELD9": ""
 },
 {
   "category": "Deli",
   "subcategory": "Specialty Cheeses",
   "name": "Cypress Grove Chevre Humboldt Fog\n",
   "price": "29.69",
   "description": "lb",
   "image": "https://d2lnr5mha7bycj.cloudfront.net/product-image/file/large_1fd85f7d-3685-4d63-89af-18e9acf5f667.jpg",
   "Image 2": "",
   "Product Link": "https://www.instacart.com/store/items/26139643?source1=aisle&source2=3569&source3=3569&impressionId=a5ea8b8a-18c7-4c56-84b7-7f73656c01a7",
   "FIELD9": ""
 },
 {
   "category": "Deli",
   "subcategory": "Specialty Cheeses",
   "name": "Vermont Creamery Creme Fraiche\n",
   "price": "5.99",
   "description": "8 oz�",
   "image": "https://d2lnr5mha7bycj.cloudfront.net/product-image/file/large_cb525e22-ef28-41a2-aa70-a0273e361438.jpg",
   "Image 2": "",
   "Product Link": "https://www.instacart.com/store/items/4471864?source1=aisle&source2=3569&source3=3569&impressionId=9eef49bb-ce87-4280-92d8-2159648ffd34",
   "FIELD9": ""
 },
 {
   "category": "Deli",
   "subcategory": "Specialty Cheeses",
   "name": "Kerrygold Cheese Dubliner\n",
   "price": "3.99",
   "description": "7 oz�",
   "image": "https://d2lnr5mha7bycj.cloudfront.net/product-image/file/large_9442abdd-8540-440a-9eea-6082171f5f87.jpg",
   "Image 2": "",
   "Product Link": "https://www.instacart.com/store/items/21581570?source1=aisle&source2=3569&source3=3569&impressionId=a875d545-ee3b-4737-b853-eb99954dafbf",
   "FIELD9": ""
 },
 {
   "category": "Deli",
   "subcategory": "Specialty Cheeses",
   "name": "BelGioioso Cheese Fresh Mozzarella Snacking Cheese\n",
   "price": "5.99",
   "description": "6 ct�",
   "image": "https://d2lnr5mha7bycj.cloudfront.net/product-image/file/large_dc2a3a26-0541-40aa-bf54-de5a665dbec0.jpg",
   "Image 2": "",
   "Product Link": "https://www.instacart.com/store/items/4498066?source1=aisle&source2=3569&source3=3569&impressionId=e1ab65e8-9f36-498b-8f12-e989e17bea6a",
   "FIELD9": ""
 },
 {
   "category": "Deli",
   "subcategory": "Lunch Meat",
   "name": "Applegate Genoa Salami\n",
   "price": "5.99",
   "description": "4 oz�",
   "image": "https://d2lnr5mha7bycj.cloudfront.net/product-image/file/large_46961171-f0ab-40b9-9dee-a721e4da088b.JPG",
   "Image 2": "",
   "Product Link": "https://www.instacart.com/store/items/4483178?source1=aisle&source2=597&source3=597&impressionId=b2074812-3c63-44c8-a213-75295d1b6545",
   "FIELD9": ""
 },
 {
   "category": "Deli",
   "subcategory": "Lunch Meat",
   "name": "Applegate Organic Oven Roasted Turkey Breast\n",
   "price": "7.99",
   "description": "6 oz�",
   "image": "https://d2lnr5mha7bycj.cloudfront.net/product-image/file/large_c4776236-d07e-4f05-9bbe-f467c3826fe2.jpg",
   "Image 2": "",
   "Product Link": "https://www.instacart.com/store/items/4483269?source1=aisle&source2=597&source3=597&impressionId=a6c3799d-5d26-4946-bdb5-079696883432",
   "FIELD9": ""
 },
 {
   "category": "Deli",
   "subcategory": "Lunch Meat",
   "name": "365 Oven Roasted Turkey Breast\n",
   "price": "5.99",
   "description": "6 oz�",
   "image": "https://d2lnr5mha7bycj.cloudfront.net/product-image/file/large_d51eda15-74e5-4385-8cf6-ba5e69a82d2d.jpg",
   "Image 2": "",
   "Product Link": "https://www.instacart.com/store/items/21019036?source1=aisle&source2=597&source3=597&impressionId=be4b7a38-15d0-4cc2-bff1-63a0e3de6885",
   "FIELD9": ""
 },
 {
   "category": "Deli",
   "subcategory": "Lunch Meat",
   "name": "Applegate Natural Oven Roasted Turkey Breast - Family Size\n",
   "price": "7.99",
   "description": "10.5oz�",
   "image": "https://d2lnr5mha7bycj.cloudfront.net/product-image/file/large_455ebecd-4ded-4b85-8dbe-19bb84e9ed20.jpg",
   "Image 2": "",
   "Product Link": "https://www.instacart.com/store/items/4496571?source1=aisle&source2=597&source3=597&impressionId=01513b49-56fb-4287-9d48-2308a4482464",
   "FIELD9": ""
 },
 {
   "category": "Deli",
   "subcategory": "Lunch Meat",
   "name": "Applegate Organic Black Forest Ham\n",
   "price": "7.99",
   "description": "6 oz�",
   "image": "https://d2lnr5mha7bycj.cloudfront.net/product-image/file/large_136899bf-97ed-4c0c-9b87-549ae78a88c6.jpg",
   "Image 2": "",
   "Product Link": "https://www.instacart.com/store/items/26139576?source1=aisle&source2=597&source3=597&impressionId=ad29dcd9-ad99-4f51-b368-d6f63c719726",
   "FIELD9": ""
 },
 {
   "category": "Deli",
   "subcategory": "Lunch Meat",
   "name": "Applegate Organic Oven Roasted Chicken Breast\n",
   "price": "7.99",
   "description": "6 oz",
   "image": "https://d2lnr5mha7bycj.cloudfront.net/product-image/file/large_dad8c0ff-48e0-4186-9f42-aaa1464fd613.jpg",
   "Image 2": "",
   "Product Link": "https://www.instacart.com/store/items/4484388?source1=aisle&source2=597&source3=597&impressionId=51dbf72a-3238-4968-82e8-174c8c3b5283",
   "FIELD9": ""
 },
 {
   "category": "Deli",
   "subcategory": "Lunch Meat",
   "name": "365 Organic Black Pepper Turkey Breast\n",
   "price": "5.99",
   "description": "6 oz�",
   "image": "https://d2lnr5mha7bycj.cloudfront.net/product-image/file/large_033bf909-29c8-47c2-8305-73d67c5abcd7.jpg",
   "Image 2": "",
   "Product Link": "https://www.instacart.com/store/items/22406344?source1=aisle&source2=597&source3=597&impressionId=96a92d84-8563-422b-9bca-aede033e31d0",
   "FIELD9": ""
 },
 {
   "category": "Deli",
   "subcategory": "Lunch Meat",
   "name": "Applegate Uncured Turkey Pepperoni\n",
   "price": "5.99",
   "description": "4 oz�",
   "image": "https://d2lnr5mha7bycj.cloudfront.net/product-image/file/large_faa1c0f0-64de-4e24-b97b-6dbf96e09b39.JPG",
   "Image 2": "",
   "Product Link": "https://www.instacart.com/store/items/4501823?source1=aisle&source2=597&source3=597&impressionId=452627f6-abcc-4417-a915-2bd2d500d141",
   "FIELD9": ""
 },
 {
   "category": "Deli",
   "subcategory": "Lunch Meat",
   "name": "Applegate Natural Uncured Black Forest Ham, Family Size\n",
   "price": "8.99",
   "description": "10.5 oz�",
   "image": "https://d2lnr5mha7bycj.cloudfront.net/product-image/file/large_0a360ea7-6774-4756-b298-ed2e1e11090c.jpg",
   "Image 2": "",
   "Product Link": "https://www.instacart.com/store/items/4496326?source1=aisle&source2=597&source3=597&impressionId=b6deba55-e977-4dbc-80a0-b0944584c0d8",
   "FIELD9": ""
 },
 {
   "category": "Deli",
   "subcategory": "Lunch Meat",
   "name": "Applegate Organic Smoked Turkey Breast\n",
   "price": "7.99",
   "description": "6 oz ",
   "image": "https://d2lnr5mha7bycj.cloudfront.net/product-image/file/large_4170bef0-33a8-4f87-8781-c64e3c42a96c.jpg",
   "Image 2": "",
   "Product Link": "https://www.instacart.com/store/items/4483414?source1=aisle&source2=597&source3=597&impressionId=23b533f6-7664-4089-8741-966fab925b5d",
   "FIELD9": ""
 },
 {
   "category": "Deli",
   "subcategory": "Lunch Meat",
   "name": "Wellshire Farms Black Forest Ham\n",
   "price": "14.29",
   "description": "lb",
   "image": "https://d2lnr5mha7bycj.cloudfront.net/product-image/file/large_0a4116b3-4054-42f5-9d33-64e93d3db82f.jpg",
   "Image 2": "",
   "Product Link": "https://www.instacart.com/store/items/13240676?source1=aisle&source2=597&source3=597&impressionId=f5778c48-5679-44f7-8bc0-08cdcc0b2a5e",
   "FIELD9": ""
 },
 {
   "category": "Deli",
   "subcategory": "Lunch Meat",
   "name": "365 Organic Honey Maple Uncured Ham\n",
   "price": "5.99",
   "description": "6 oz�",
   "image": "https://d2lnr5mha7bycj.cloudfront.net/product-image/file/large_ee175aba-92b6-40d4-9918-228010ecc88f.jpg",
   "Image 2": "",
   "Product Link": "https://www.instacart.com/store/items/22819829?source1=aisle&source2=597&source3=597&impressionId=7cdcc06b-243e-4165-bb21-7f8e67462b16",
   "FIELD9": ""
 },
 {
   "category": "Deli",
   "subcategory": "Lunch Meat",
   "name": "Priya akter",
   "price": "21.99",
   "description": "lb",
   "image": "https://d2lnr5mha7bycj.cloudfront.net/product-image/file/large_c3df0c9d-3c23-4da7-8ccf-cef0106e1658.jpg",
   "Image 2": "",
   "Product Link": "https://www.instacart.com/store/items/22819960?source1=aisle&source2=597&source3=597&impressionId=ec7dda9f-de5c-46e0-be69-057bd1cdd79d",
   "FIELD9": ""
 },
 {
   "category": "Deli",
   "subcategory": "Lunch Meat",
   "name": "Applegate Natural Smoked Turkey Breast - Family Size\n",
   "price": "7.99",
   "description": "10.5oz ",
   "image": "https://d2lnr5mha7bycj.cloudfront.net/product-image/file/large_4c1a4db2-5efd-483c-b45d-febdc8bd7722.jpg",
   "Image 2": "",
   "Product Link": "https://www.instacart.com/store/items/4496424?source1=aisle&source2=597&source3=597&impressionId=6fb9462b-8630-4289-9d0f-ca2f71054ee8",
   "FIELD9": ""
 },
 {
   "category": "Deli",
   "subcategory": "Lunch Meat",
   "name": "La Quercia Prosciutto Americano\n",
   "price": "8.99",
   "description": "3 oz ",
   "image": "https://d2lnr5mha7bycj.cloudfront.net/product-image/file/large_50fa26a7-259f-4743-ad5d-fc014e505659.jpg",
   "Image 2": "",
   "Product Link": "https://www.instacart.com/store/items/4509982?source1=aisle&source2=597&source3=597&impressionId=e35ecfcb-889f-4fd2-8d0f-168f704303fe",
   "FIELD9": ""
 },
 {
   "category": "Deli",
   "subcategory": "Lunch Meat",
   "name": "Applegate Natural Prosciutto\n",
   "price": "8.99\n\n",
   "description": "4oz ",
   "image": "https://d2lnr5mha7bycj.cloudfront.net/product-image/file/large_3e0afc7a-230d-45f4-902d-60c4bcdf7dd0.JPG",
   "Image 2": "",
   "Product Link": "https://www.instacart.com/store/items/4482933?source1=aisle&source2=597&source3=597&impressionId=cd3d676a-163e-473a-acaf-b265f43b2459",
   "FIELD9": ""
 },
 {
   "category": "Deli",
   "subcategory": "Lunch Meat",
   "name": "Wellshire Farms Dry Cured Diced Pancetta\n",
   "price": "5.49",
   "description": "4 oz ",
   "image": "https://d2lnr5mha7bycj.cloudfront.net/product-image/file/large_edd241e1-1a5c-4240-ba32-c7aab7f3009e.jpg",
   "Image 2": "",
   "Product Link": "https://www.instacart.com/store/items/4500406?source1=aisle&source2=597&source3=597&impressionId=54a11d4d-176d-40c1-bfba-98024c66e683",
   "FIELD9": ""
 },
 {
   "category": "Deli",
   "subcategory": "Lunch Meat",
   "name": "Wellshire Farms Uncured Pepperoni\n",
   "price": "5.99",
   "description": "5 oz \n",
   "image": "https://d2lnr5mha7bycj.cloudfront.net/product-image/file/large_825381ee-d2a7-4240-abbb-124a1161f40f.jpg",
   "Image 2": "",
   "Product Link": "https://www.instacart.com/store/items/4494064?source1=aisle&source2=597&source3=597&impressionId=6cdcc22e-bd8b-4b77-a62d-f92b7c571a10",
   "FIELD9": ""
 },
 {
   "category": "Deli",
   "subcategory": "Lunch Meat",
   "name": "Applegate Organic Roast Beef\n",
   "price": "8.99",
   "description": "7 oz",
   "image": "https://d2lnr5mha7bycj.cloudfront.net/product-image/file/large_c936868b-291b-4665-983c-8e9661269d79.jpg",
   "Image 2": "",
   "Product Link": "https://www.instacart.com/store/items/4483502?source1=aisle&source2=597&source3=597&impressionId=c225de67-7f6e-43ec-98f0-12df83cc4640",
   "FIELD9": ""
 },
 {
   "category": "Deli",
   "subcategory": "Lunch Meat",
   "name": "Naturalissima Prosciutto Panino Fingers\n",
   "price": "6.99",
   "description": "5 oz ",
   "image": "https://d2lnr5mha7bycj.cloudfront.net/product-image/file/large_06ada559-5a7c-4f1c-8c3d-e419659f81dd.jpg",
   "Image 2": "",
   "Product Link": "https://www.instacart.com/store/items/50580911?source1=aisle&source2=597&source3=597&impressionId=3c1476b3-a189-443e-924e-e7a688aaaed5",
   "FIELD9": ""
 },
 {
   "category": "Deli",
   "subcategory": "Lunch Meat",
   "name": "Principe Prosciutto di San Daniele\n",
   "price": "11.99\n",
   "description": "3 oz�",
   "image": "https://d2lnr5mha7bycj.cloudfront.net/product-image/file/large_eb88d8ca-7bd3-47ea-b4b4-fe1e966665a7.jpg",
   "Image 2": "",
   "Product Link": "https://www.instacart.com/store/items/18504116?source1=aisle&source2=597&source3=597&impressionId=6d1a97bd-28a3-42eb-b153-30ed4ea01eb1",
   "FIELD9": ""
 },
 {
   "category": "Deli",
   "subcategory": "Prepared Meals",
   "name": "Whole Foods Market Hot Rotisserie Chicken, Plain\n",
   "price": "9.99",
   "description": "32 oz \n",
   "image": "https://d2lnr5mha7bycj.cloudfront.net/product-image/file/large_ce5715bd-7a64-4cd0-a248-0a8b33b950f5.jpg",
   "Image 2": "",
   "Product Link": "https://www.instacart.com/store/items/8451671?source1=aisle&source2=3568&source3=3568&impressionId=896f9d18-e427-4b41-a9c0-cb4d01c15c7a",
   "FIELD9": ""
 },
 {
   "category": "Deli",
   "subcategory": "Prepared Meals",
   "name": "Whole Foods Market Hot Whole Roasted Classic Rotisserie Chicken\n",
   "price": "9.99",
   "description": "24 oz",
   "image": "https://d2lnr5mha7bycj.cloudfront.net/product-image/file/large_97a532ed-e825-480d-b8e1-e58e013742b0.jpg",
   "Image 2": "",
   "Product Link": "https://www.instacart.com/store/items/22387627?source1=aisle&source2=3568&source3=3568&impressionId=548cc970-ba3a-43dd-9572-12e81f15b4ee",
   "FIELD9": ""
 },
 {
   "category": "Deli",
   "subcategory": "Prepared Meals",
   "name": "Organic Rotisserie Plain Chicken\n",
   "price": "14.99\n",
   "description": "24 oz \n",
   "image": "https://d2lnr5mha7bycj.cloudfront.net/product-image/file/large_4cca049b-76be-4efd-87c9-131ec0d37ffb.jpg",
   "Image 2": "",
   "Product Link": "https://www.instacart.com/store/items/18492365?source1=aisle&source2=3568&source3=3568&impressionId=4e82cae1-918d-47cd-a168-7638c8924d45",
   "FIELD9": ""
 },
 {
   "category": "Deli",
   "subcategory": "Prepared Meals",
   "name": "Salad Bar Sb\n",
   "price": "9.89",
   "description": "",
   "image": "https://www.instacart.com/store/items/28484215?source1=aisle&source2=3568&source3=3568&impressionId=e10cad60-7c7c-4693-b6d1-7fb5ae1408aa",
   "Image 2": "",
   "Product Link": "",
   "FIELD9": ""
 },
 {
   "category": "Deli",
   "subcategory": "Prepared Meals",
   "name": "Whole Foods Market Organic Rotisserie Chicken Classic\n",
   "price": "14.99",
   "description": "",
   "image": "https://d2lnr5mha7bycj.cloudfront.net/product-image/file/large_d0e2a45d-8e47-4010-b222-f302ffc76150.jpg",
   "Image 2": "",
   "Product Link": "https://www.instacart.com/store/items/18905128?source1=aisle&source2=3568&source3=3568&impressionId=ef2aa445-09ff-41d9-ad2c-39a45796e563",
   "FIELD9": ""
 },
 {
   "category": "Deli",
   "subcategory": "Prepared Meals",
   "name": "Whole Foods Market Olive Bar\n",
   "price": "10.99",
   "description": "lb",
   "image": "https://d2lnr5mha7bycj.cloudfront.net/product-image/file/large_1862967f-0050-4b62-ac2a-8b41699f1d03.jpg",
   "Image 2": "",
   "Product Link": "https://www.instacart.com/store/items/4592406?source1=aisle&source2=3568&source3=3568&impressionId=5ae2b3a8-6913-48b9-886f-39ced32340cc",
   "FIELD9": ""
 },
 {
   "category": "Deli",
   "subcategory": "Prepared Meals",
   "name": "Kikka Sushi Avocado Roll\n",
   "price": "4.69",
   "description": "3 oz�",
   "image": "https://d2lnr5mha7bycj.cloudfront.net/product-image/file/large_d8e73b4b-a36b-4a9c-bfaa-d84838fc9537.jpg",
   "Image 2": "",
   "Product Link": "https://www.instacart.com/store/items/4461168?source1=aisle&source2=3568&source3=3568&impressionId=4ca132d2-6816-48a5-a468-317d4864e047",
   "FIELD9": ""
 },
 {
   "category": "Deli",
   "subcategory": "Prepared Meals",
   "name": "Kikka Sushi Cucumber Avocado Roll\n",
   "price": "6.39",
   "description": "7 oz�",
   "image": "https://d2lnr5mha7bycj.cloudfront.net/product-image/file/large_b92841d2-0c36-4203-97de-ed9c04cfe195.jpg",
   "Image 2": "",
   "Product Link": "https://www.instacart.com/store/items/25897798?source1=aisle&source2=3568&source3=3568&impressionId=2859b9e9-0c56-4670-bd76-1790d00c7c1f",
   "FIELD9": ""
 },
 {
   "category": "Deli",
   "subcategory": "Prepared Meals",
   "name": "Kikka Sushi Salmon Avocado Roll",
   "price": "8.39",
   "description": "7 oz�",
   "image": "https://d2lnr5mha7bycj.cloudfront.net/product-image/file/large_b951a467-b53f-486a-ba1f-25df224646e0.jpg",
   "Image 2": "",
   "Product Link": "https://www.instacart.com/store/items/23810910?source1=aisle&source2=3568&source3=3568&impressionId=5b8744ca-d5d6-4c7f-94d8-763810ccf4e9",
   "FIELD9": ""
 },
 {
   "category": "Deli",
   "subcategory": "Prepared Meals",
   "name": "Kikka. Edamame",
   "price": "4.39",
   "description": "8 oz�",
   "image": "https://d2lnr5mha7bycj.cloudfront.net/product-image/file/large_1102611c-b41f-420d-802c-f02a7bcbab7c.jpg",
   "Image 2": "",
   "Product Link": "https://www.instacart.com/store/items/4463093?source1=aisle&source2=3568&source3=3568&impressionId=5ae88fa0-793a-4cf8-8fde-4b80fe7ea51a",
   "FIELD9": ""
 },
 {
   "category": "Deli",
   "subcategory": "Prepared Meals",
   "name": "Kikka Sushi Spicy Tuna Avocado Roll",
   "price": "8.69",
   "description": "",
   "image": "https://d2lnr5mha7bycj.cloudfront.net/product-image/file/large_76bee56b-e36f-4452-b774-9d5b0faa73ab.jpg",
   "Image 2": "",
   "Product Link": "https://www.instacart.com/store/items/27366250?source1=aisle&source2=3568&source3=3568&impressionId=d85ede78-4f21-4533-8cd7-e0fa4f8b6682",
   "FIELD9": ""
 },
 {
   "category": "Deli",
   "subcategory": "Prepared Meals",
   "name": "Kikka Sushi Tofu Spring Roll\n",
   "price": "5.99",
   "description": "6 oz�",
   "image": "https://d2lnr5mha7bycj.cloudfront.net/product-image/file/large_3b5b1dc7-45b9-4623-9b7c-0750fe8d5ad5.jpg",
   "Image 2": "",
   "Product Link": "https://www.instacart.com/store/items/4459868?source1=aisle&source2=3568&source3=3568&impressionId=26fb38a3-989f-4b7e-a7d8-d13236b68d65",
   "FIELD9": ""
 },
 {
   "category": "Deli",
   "subcategory": "Prepared Meals",
   "name": "Kikka Sushi Spicy Shrimp Avocado Roll\n",
   "price": "8.69",
   "description": "7 oz�",
   "image": "https://d2lnr5mha7bycj.cloudfront.net/product-image/file/large_fea506c8-49f8-471e-81ec-ac5cc5f6750d.jpg",
   "Image 2": "",
   "Product Link": "https://www.instacart.com/store/items/4462410?source1=aisle&source2=3568&source3=3568&impressionId=b2810d7e-b069-4ee8-b192-0be4ffa5c44b",
   "FIELD9": ""
 },
 {
   "category": "Deli",
   "subcategory": "Prepared Meals",
   "name": "Chef Case Chicken Scallopini\n",
   "price": "16.49",
   "description": "",
   "image": "https://d2lnr5mha7bycj.cloudfront.net/product-image/file/large_17ecdd58-a5d2-4c43-9ab2-b60cb26630e3.png",
   "Image 2": "",
   "Product Link": "https://www.instacart.com/store/items/8350356?source1=aisle&source2=3568&source3=3568&impressionId=fb316f75-c586-44f6-aea7-77b4ab994aa3",
   "FIELD9": ""
 },
 {
   "category": "Deli",
   "subcategory": "Prepared Meals",
   "name": "Tres Latin Foods Pinto Bean & Cheese Tortilla Pupusas\n",
   "price": "6.49",
   "description": "4.00 ea�",
   "image": "https://d2lnr5mha7bycj.cloudfront.net/product-image/file/large_3894fede-3f74-4d96-8eff-5ad88bddc6e3.jpg",
   "Image 2": "",
   "Product Link": "https://www.instacart.com/store/items/4587300?source1=aisle&source2=3568&source3=3568&impressionId=abb28444-8f4a-42c5-8824-130734c1bad3",
   "FIELD9": ""
 },
 {
   "category": "Deli",
   "subcategory": "Prepared Meals",
   "name": "Kikka Sushi Shrimp Tempura Roll",
   "price": "8.99",
   "description": "7 oz�",
   "image": "https://d2lnr5mha7bycj.cloudfront.net/product-image/file/large_1e856bee-d17f-461b-ba7a-cce0a04af618.jpg",
   "Image 2": "",
   "Product Link": "https://www.instacart.com/store/items/4460159?source1=aisle&source2=3568&source3=3568&impressionId=bb16758a-0fcf-4da9-a0de-6f0c1b4046e2",
   "FIELD9": ""
 },
 {
   "category": "Deli",
   "subcategory": "Prepared Meals",
   "name": "Kikka Sushi Sesame Seaweed Salad",
   "price": "4.69",
   "description": "4 oz�",
   "image": "https://d2lnr5mha7bycj.cloudfront.net/product-image/file/large_8f3f282c-a013-4417-b379-078142d7ca01.jpg",
   "Image 2": "",
   "Product Link": "https://www.instacart.com/store/items/4460779?source1=aisle&source2=3568&source3=3568&impressionId=d822425d-ad2b-42d0-864c-8f896f41373b",
   "FIELD9": ""
 },
 {
   "category": "Deli",
   "subcategory": "Prepared Meals",
   "name": "Whole Foods Market Chicken Pot Pie\n",
   "price": "5.99",
   "description": "9.5-10 oz�",
   "image": "https://d2lnr5mha7bycj.cloudfront.net/product-image/file/large_ccd73aec-1a04-46db-b141-9591b93e932d.jpg",
   "Image 2": "",
   "Product Link": "https://www.instacart.com/store/items/8550936?source1=aisle&source2=3568&source3=3568&impressionId=7845c177-8d46-4284-92c2-464c3d5cd32e",
   "FIELD9": ""
 },
 {
   "category": "Deli",
   "subcategory": "Prepared Meals",
   "name": "Kikka Sushi Garden Vegetable Salad Roll\n",
   "price": "7.69",
   "description": "6 oz�",
   "image": "https://d2lnr5mha7bycj.cloudfront.net/product-image/file/large_6d70946a-9fa6-45f4-ba7a-4dccc7d40347.jpg",
   "Image 2": "",
   "Product Link": "https://www.instacart.com/store/items/4575297?source1=aisle&source2=3568&source3=3568&impressionId=31cf3999-b0c9-4d60-ae92-c8cc4f9d3cef",
   "FIELD9": ""
 },
 {
   "category": "Deli",
   "subcategory": "Prepared Meals",
   "name": "Kikka Sushi Tsunami Combo Large Sushi\n",
   "price": "15.99",
   "description": "10 oz�",
   "image": "https://d2lnr5mha7bycj.cloudfront.net/product-image/file/large_c56c312c-6cfb-40c3-a851-0bfbfde95f5e.jpg",
   "Image 2": "",
   "Product Link": "https://www.instacart.com/store/items/4460981?source1=aisle&source2=3568&source3=3568&impressionId=70e09f99-3d42-4784-9c0f-7bac02ca8cc2",
   "FIELD9": ""
 },
 {
   "category": "Deli",
   "subcategory": "Prepared Soups & Salads",
   "name": "Salad Bar Sb",
   "price": "9.89",
   "description": "lb",
   "image": "https://d2guulkeunn7d8.cloudfront.net/assets/missing-item-0ca47424f272dd3909349f67e9661183.png",
   "Image 2": "",
   "Product Link": "https://www.instacart.com/store/items/28484215?source1=aisle&source2=3606&source3=3606&impressionId=33cc59ca-da9a-41d0-b0f6-34dde5da4838",
   "FIELD9": ""
 },
 {
   "category": "Deli",
   "subcategory": "Prepared Soups & Salads",
   "name": "Whole Foods Market Egg Salad\n",
   "price": "5.44",
   "description": "Price Estimate: $5.44 ($9.89/lb � 0.55 lb)",
   "image": "https://d2lnr5mha7bycj.cloudfront.net/product-image/file/large_46453467-b96e-4b00-a222-f6b427b821e7.jpg",
   "Image 2": "",
   "Product Link": "https://www.instacart.com/store/items/18894786?source1=aisle&source2=3606&source3=3606&impressionId=b7d919a4-2a22-4150-9a4f-96431b6a3422",
   "FIELD9": ""
 },
 {
   "category": "Deli",
   "subcategory": "Prepared Soups & Salads",
   "name": "Sonoma Chicken Salad\n",
   "price": "14.29",
   "description": "lb",
   "image": "https://d2lnr5mha7bycj.cloudfront.net/product-image/file/large_de9af6bf-7a73-4ff0-a18f-20882c743ac0.jpg",
   "Image 2": "",
   "Product Link": "https://www.instacart.com/store/items/18896751?source1=aisle&source2=3606&source3=3606&impressionId=cbfd82ff-217c-43e1-b5af-86322f99ea78",
   "FIELD9": ""
 },
 {
   "category": "Deli",
   "subcategory": "Prepared Soups & Salads",
   "name": "Whole Foods Market Broccoli Crunch Salad\n",
   "price": "9.89",
   "description": "lb",
   "image": "https://d2lnr5mha7bycj.cloudfront.net/product-image/file/large_7430c821-116a-4c7e-8f6b-aec5ddb7ed4c.jpg",
   "Image 2": "",
   "Product Link": "https://www.instacart.com/store/items/18903591?source1=aisle&source2=3606&source3=3606&impressionId=8f7e9a58-4b21-4f54-95e4-2fc12d5832b3",
   "FIELD9": ""
 },
 {
   "category": "Deli",
   "subcategory": "Prepared Soups & Salads",
   "name": "Whole Foods Market Classic Chicken Noodle Soup\n",
   "price": "6.99\n",
   "description": "24 oz \n",
   "image": "https://d2lnr5mha7bycj.cloudfront.net/product-image/file/large_0d81785c-949a-4939-8e3c-0908d2047f22.jpg",
   "Image 2": "",
   "Product Link": "https://www.instacart.com/store/items/43598486?source1=aisle&source2=3606&source3=3606&impressionId=af0758c8-53f1-46a8-8f6d-4a79fe9fcd40",
   "FIELD9": ""
 },
 {
   "category": "Deli",
   "subcategory": "Prepared Soups & Salads",
   "name": "Whole Foods Market Curried Chicken Salad Fresh Pack\n",
   "price": "8.62",
   "description": "Price Estimate: $8.62 ($15.39/lb � 0.56 lb)",
   "image": "https://d2lnr5mha7bycj.cloudfront.net/product-image/file/large_1f83bbc0-3dfe-4044-827c-4614e36538ef.jpg",
   "Image 2": "",
   "Product Link": "https://www.instacart.com/store/items/22091150?source1=aisle&source2=3606&source3=3606&impressionId=276eb36e-348b-44c3-a802-170849f3c00b",
   "FIELD9": ""
 },
 {
   "category": "Deli",
   "subcategory": "Prepared Soups & Salads",
   "name": "Del Monaco Foods Organic Cup Chicken Penne Soup\n",
   "price": "7.99",
   "description": "24 oz�",
   "image": "https://d2lnr5mha7bycj.cloudfront.net/product-image/file/large_e0d47627-cdc7-4a3a-a41f-a44ca404ed48.jpg",
   "Image 2": "",
   "Product Link": "https://www.instacart.com/store/items/43598464?source1=aisle&source2=3606&source3=3606&impressionId=460954a1-922b-4c3c-ba4f-df90a938a923",
   "FIELD9": ""
 },
 {
   "category": "Deli",
   "subcategory": "Prepared Soups & Salads",
   "name": "Whole Foods Market Sweet Summer Kale Salad\n",
   "price": "9.89",
   "description": "lb",
   "image": "https://d2lnr5mha7bycj.cloudfront.net/product-image/file/large_cea0bfc7-9aaa-4920-b7c7-808120f8806f.jpg",
   "Image 2": "",
   "Product Link": "https://www.instacart.com/store/items/21446583?source1=aisle&source2=3606&source3=3606&impressionId=265c70d3-b0b8-4181-a27b-b008fa9dff25",
   "FIELD9": ""
 },
 {
   "category": "Deli",
   "subcategory": "Prepared Soups & Salads",
   "name": "Mediterranean Crunch Salad\n",
   "price": "9.89",
   "description": "lb",
   "image": "https://d2lnr5mha7bycj.cloudfront.net/product-image/file/large_2d21cdfa-87d4-4dfe-9271-528635112a8f.jpg",
   "Image 2": "",
   "Product Link": "https://www.instacart.com/store/items/21553414?source1=aisle&source2=3606&source3=3606&impressionId=e6b9f2ea-f585-4f6f-9a23-ebe5c6711b63",
   "FIELD9": ""
 },
 {
   "category": "Deli",
   "subcategory": "Prepared Soups & Salads",
   "name": "Kikka Sushi Miso Soup\n",
   "price": "6.99",
   "description": "22 oz�",
   "image": "https://d2lnr5mha7bycj.cloudfront.net/product-image/file/large_7ee1047d-babd-4412-bc40-bff2be224095.jpg",
   "Image 2": "",
   "Product Link": "https://www.instacart.com/store/items/31906355?source1=aisle&source2=3606&source3=3606&impressionId=2a7e7889-41ae-49de-a0c6-968ac041abef",
   "FIELD9": ""
 },
 {
   "category": "Deli",
   "subcategory": "Prepared Soups & Salads",
   "name": "Del Monaco Foods Chicken Tortilla Soup Cup\n",
   "price": "7.99",
   "description": "24 oz�",
   "image": "https://d2lnr5mha7bycj.cloudfront.net/product-image/file/large_8c30319d-d1bc-492b-bcbc-8491c6da3d3c.jpg",
   "Image 2": "",
   "Product Link": "https://www.instacart.com/store/items/43598389?source1=aisle&source2=3606&source3=3606&impressionId=aed95aec-9ae3-4fbf-91f7-56c8ff2eca71",
   "FIELD9": ""
 },
 {
   "category": "Deli",
   "subcategory": "Prepared Soups & Salads",
   "name": "In House Garlic Green Beans\n",
   "price": "9.89",
   "description": "lb",
   "image": "https://d2lnr5mha7bycj.cloudfront.net/product-image/file/large_74bbc886-4132-45ec-a420-c7742d92dd66.jpg",
   "Image 2": "",
   "Product Link": "https://www.instacart.com/store/items/24681069?source1=aisle&source2=3606&source3=3606&impressionId=145612c3-545a-4d60-8052-115722f68781",
   "FIELD9": ""
 },
 {
   "category": "Deli",
   "subcategory": "Prepared Soups & Salads",
   "name": "Whole Foods Market Sweet Summer Kale Fresh Pack\n",
   "price": "9.89",
   "description": "lb",
   "image": "https://d2lnr5mha7bycj.cloudfront.net/product-image/file/large_78f17498-0430-4afe-a70e-7e0367223a9a.jpg",
   "Image 2": "",
   "Product Link": "https://www.instacart.com/store/items/18906141?source1=aisle&source2=3606&source3=3606&impressionId=94dbb6ee-70b5-4072-aa64-17f018eacffa",
   "FIELD9": ""
 },
 {
   "category": "Deli",
   "subcategory": "Prepared Soups & Salads",
   "name": "Del Monaco Foods White Bean & Kale Hash Soup Cup\n",
   "price": "6.99",
   "description": "24 oz�",
   "image": "https://d2lnr5mha7bycj.cloudfront.net/product-image/file/large_30f613a2-2a03-4ff1-91ae-d6f7bcbd515c.jpg",
   "Image 2": "",
   "Product Link": "https://www.instacart.com/store/items/43598481?source1=aisle&source2=3606&source3=3606&impressionId=b462402b-d03f-4ddf-a164-4fcb655a3652",
   "FIELD9": ""
 },
 {
   "category": "Deli",
   "subcategory": "Prepared Soups & Salads",
   "name": "Whole Foods Market Field Greens & Spice Nuts Salad\n",
   "price": "5.99",
   "description": "7 oz�",
   "image": "https://d2lnr5mha7bycj.cloudfront.net/product-image/file/large_dff60111-005d-455c-b6f3-c1721e9a6646.jpg",
   "Image 2": "",
   "Product Link": "https://www.instacart.com/store/items/21456406?source1=aisle&source2=3606&source3=3606&impressionId=c1fe8490-3f63-4d20-83a0-fa428033dbe4",
   "FIELD9": ""
 },
 {
   "category": "Deli",
   "subcategory": "Prepared Soups & Salads",
   "name": "Kikka Sushi Veggie Fun Noodle\n",
   "price": "6.99",
   "description": "22 oz�",
   "image": "https://d2lnr5mha7bycj.cloudfront.net/product-image/file/large_130a0cd5-f5c6-498c-8758-9adc7bd576e6.jpg",
   "Image 2": "",
   "Product Link": "https://www.instacart.com/store/items/33181140?source1=aisle&source2=3606&source3=3606&impressionId=a3ebf061-18d4-4952-ab2c-e8b11b429725",
   "FIELD9": ""
 },
 {
   "category": "Deli",
   "subcategory": "Prepared Soups & Salads",
   "name": "Fresh Pack Pesto Pasta Salad\n",
   "price": "9.89",
   "description": "",
   "image": "https://d2lnr5mha7bycj.cloudfront.net/product-image/file/large_c8d0f58e-7b80-41dd-8006-90fc6da6e500.jpg",
   "Image 2": "",
   "Product Link": "https://www.instacart.com/store/items/13341844?source1=aisle&source2=3606&source3=3606&impressionId=8543beb5-456a-4c14-bed9-2947840fd736",
   "FIELD9": ""
 },
 {
   "category": "Deli",
   "subcategory": "Prepared Soups & Salads",
   "name": "Whole Foods Market Field Greens With Spiced Nuts\n",
   "price": "8.99",
   "description": "",
   "image": "https://d2lnr5mha7bycj.cloudfront.net/product-image/file/large_20307ba0-0f6b-4a2c-84b8-792eac47e03e.jpg",
   "Image 2": "",
   "Product Link": "https://www.instacart.com/store/items/22215908?source1=aisle&source2=3606&source3=3606&impressionId=90d594cf-29b5-4c05-b7a9-2e40859ecdbd",
   "FIELD9": ""
 },
 {
   "category": "Deli",
   "subcategory": "Prepared Soups & Salads",
   "name": "Whole Foods Market Field Greens With Spiced Nuts",
   "price": "8.99",
   "description": "11 oz�",
   "image": "https://d2lnr5mha7bycj.cloudfront.net/product-image/file/large_20307ba0-0f6b-4a2c-84b8-792eac47e03e.jpg",
   "Image 2": "",
   "Product Link": "https://www.instacart.com/store/items/22215908?source1=aisle&source2=3606&source3=3606&impressionId=90d594cf-29b5-4c05-b7a9-2e40859ecdbd",
   "FIELD9": ""
 },
 {
   "category": "Deli",
   "subcategory": "Prepared Soups & Salads",
   "name": "Kikka Sushi Tofu Vegetarian Vietnamese Noodle.\n",
   "price": "7.69",
   "description": "14 oz�",
   "image": "https://d2lnr5mha7bycj.cloudfront.net/product-image/file/large_df923e5b-66ce-4753-8dca-ae4ecb26a446.jpg",
   "Image 2": "",
   "Product Link": "https://www.instacart.com/store/items/4490575?source1=aisle&source2=3606&source3=3606&impressionId=d5dbb62c-095a-453b-b221-774117cb0f83",
   "FIELD9": ""
 },
 {
   "category": "Deli",
   "subcategory": "Fresh Dips & Tapenades",
   "name": "Whole Foods Market Original Hummus",
   "price": "2.59",
   "description": "8 oz�",
   "image": "https://d2lnr5mha7bycj.cloudfront.net/product-image/file/large_2031d4e3-9ef3-478f-8774-53b7659897c0.jpg",
   "Image 2": "",
   "Product Link": "https://www.instacart.com/store/items/4566657?source1=aisle&source2=3570&source3=3570&impressionId=53d48bf3-a7f9-4d3f-b5df-cc6660052770",
   "FIELD9": ""
 },
 {
   "category": "Deli",
   "subcategory": "Fresh Dips & Tapenades",
   "name": "Whole Foods Market Original Hummus",
   "price": "3.99",
   "description": "16 oz�",
   "image": "https://d2lnr5mha7bycj.cloudfront.net/product-image/file/large_2dc5752c-db7e-48ed-b0da-4ba3dd68616b.jpg",
   "Image 2": "",
   "Product Link": "https://www.instacart.com/store/items/4565714?source1=aisle&source2=3570&source3=3570&impressionId=324c8859-d16b-4f36-83de-6b36a6d7058c",
   "FIELD9": ""
 },
 {
   "category": "Deli",
   "subcategory": "Fresh Dips & Tapenades",
   "name": "Whole Foods Market Lemon Hummus\n",
   "price": "2.69",
   "description": "8 oz�",
   "image": "https://d2lnr5mha7bycj.cloudfront.net/product-image/file/large_86e78ef2-5fbd-4d29-972d-a81f7d6f99a3.jpg",
   "Image 2": "",
   "Product Link": "https://www.instacart.com/store/items/4566439?source1=aisle&source2=3570&source3=3570&impressionId=d4da7322-9b82-4804-a9ac-01c59f021b67",
   "FIELD9": ""
 },
 {
   "category": "Deli",
   "subcategory": "Fresh Dips & Tapenades",
   "name": "Salad Bar Sb\n",
   "price": "9.89",
   "description": "lb",
   "image": "https://d2guulkeunn7d8.cloudfront.net/assets/missing-item-0ca47424f272dd3909349f67e9661183.png",
   "Image 2": "",
   "Product Link": "https://www.instacart.com/store/items/28484215?source1=aisle&source2=3570&source3=3570&impressionId=fd7f94ad-5266-423a-9aa7-f068385ff927",
   "FIELD9": ""
 },
 {
   "category": "Deli",
   "subcategory": "Fresh Dips & Tapenades",
   "name": "Whole Foods Market Garlic Hummus\n",
   "price": "2.69",
   "description": "8 oz�",
   "image": "https://d2lnr5mha7bycj.cloudfront.net/product-image/file/large_79dc11db-f986-4acd-a781-fb2eae9b7fc6.jpg",
   "Image 2": "",
   "Product Link": "https://www.instacart.com/store/items/4566519?source1=aisle&source2=3570&source3=3570&impressionId=e87cb4f3-ec16-4e72-8a65-15de543cb1dc",
   "FIELD9": ""
 },
 {
   "category": "Deli",
   "subcategory": "Fresh Dips & Tapenades",
   "name": "Whole Foods Market Roasted Red Pepper Hummus\n",
   "price": "2.69",
   "description": "8 oz�",
   "image": "https://d2lnr5mha7bycj.cloudfront.net/product-image/file/large_a0907bac-ba16-4cb0-a4b9-c2dcfc30a981.jpg",
   "Image 2": "",
   "Product Link": "https://www.instacart.com/store/items/4566603?source1=aisle&source2=3570&source3=3570&impressionId=977ea78d-1d1a-486a-b56b-70c17e2cc994",
   "FIELD9": ""
 },
 {
   "category": "Deli",
   "subcategory": "Fresh Dips & Tapenades",
   "name": "Whole Foods Market Jalapeno Hummus\n",
   "price": "2.69",
   "description": "8 oz�",
   "image": "https://d2lnr5mha7bycj.cloudfront.net/product-image/file/large_039c8706-6c34-4434-93f1-dea3c124572d.jpg",
   "Image 2": "",
   "Product Link": "https://www.instacart.com/store/items/4566153?source1=aisle&source2=3570&source3=3570&impressionId=a38ff062-4e95-4975-853a-53c0ee871e6f",
   "FIELD9": ""
 },
 {
   "category": "Deli",
   "subcategory": "Fresh Dips & Tapenades",
   "name": "365 Fire Roasted Cantine Style Salsa\n",
   "price": "2.99",
   "description": "16 oz�",
   "image": "https://d2lnr5mha7bycj.cloudfront.net/product-image/file/large_4b4753cf-3b84-4f43-9200-c45c13abcba1.jpg",
   "Image 2": "",
   "Product Link": "https://www.instacart.com/store/items/33197252?source1=aisle&source2=3570&source3=3570&impressionId=fd2b0d5d-ee9a-4f81-a981-a79f60f313f3",
   "FIELD9": ""
 },
 {
   "category": "Deli",
   "subcategory": "Fresh Dips & Tapenades",
   "name": "Whole Foods Market Mild Pico De Gallo Salsa, Medium\n",
   "price": "7.69",
   "description": "lb",
   "image": "https://d2lnr5mha7bycj.cloudfront.net/product-image/file/large_ed5f8484-ad67-47a7-baa4-64c9997dd2bd.jpg",
   "Image 2": "",
   "Product Link": "https://www.instacart.com/store/items/18598477?source1=aisle&source2=3570&source3=3570&impressionId=090805cc-d83b-42bf-8734-4a29a8f3c623",
   "FIELD9": ""
 },
 {
   "category": "Deli",
   "subcategory": "Fresh Dips & Tapenades",
   "name": "Whole Foods Market Greek Hummus\n",
   "price": "2.69",
   "description": "8 oz�",
   "image": "https://d2lnr5mha7bycj.cloudfront.net/product-image/file/large_7473c81f-875a-411b-9a49-55308fbbd394.jpg",
   "Image 2": "",
   "Product Link": "https://www.instacart.com/store/items/4566258?source1=aisle&source2=3570&source3=3570&impressionId=5d4d297d-16dc-443b-b0c7-fcb83590d591",
   "FIELD9": ""
 },
 {
   "category": "Deli",
   "subcategory": "Fresh Dips & Tapenades",
   "name": "Better Bean Co. Mild Refried Cuban Black Beans\n",
   "price": "3.99",
   "description": "14 oz�",
   "image": "https://d2lnr5mha7bycj.cloudfront.net/product-image/file/large_cca8ce36-4989-48ae-9b61-11ac0654e06f.jpg",
   "Image 2": "",
   "Product Link": "https://www.instacart.com/store/items/4570091?source1=aisle&source2=3570&source3=3570&impressionId=a5153f31-6738-4b1b-8118-f48de38f3db2",
   "FIELD9": ""
 },
 {
   "category": "Deli",
   "subcategory": "Fresh Dips & Tapenades",
   "name": "Whole Foods Market Roasted Garlic & Chives Hummus",
   "price": "2.69\n",
   "description": "8 oz�",
   "image": "https://d2lnr5mha7bycj.cloudfront.net/product-image/file/large_a6f193e4-c843-48ff-9a13-9197a1420ecf.jpg",
   "Image 2": "",
   "Product Link": "https://www.instacart.com/store/items/4566040?source1=aisle&source2=3570&source3=3570&impressionId=80405fa4-59e0-4006-a160-1d91454cd8b0",
   "FIELD9": ""
 },
 {
   "category": "Deli",
   "subcategory": "Fresh Dips & Tapenades",
   "name": "Engine 2 Roasted Red Pepper Hummus\n",
   "price": "2.5",
   "description": "8 oz�",
   "image": "https://d2lnr5mha7bycj.cloudfront.net/product-image/file/large_69c732e6-0970-4896-a6f7-59609850f87b.jpg",
   "Image 2": "",
   "Product Link": "https://www.instacart.com/store/items/4537511?source1=aisle&source2=3570&source3=3570&impressionId=6ed051c5-e10c-492e-aaa6-a3a8f54a54a9",
   "FIELD9": ""
 },
 {
   "category": "Deli",
   "subcategory": "Fresh Dips & Tapenades",
   "name": "Engine 2 Traditional Hummus\n",
   "price": "2.5",
   "description": "8 oz�",
   "image": "https://d2lnr5mha7bycj.cloudfront.net/product-image/file/large_5ac5c037-5655-42bb-b932-c0cd79037994.jpg",
   "Image 2": "",
   "Product Link": "https://www.instacart.com/store/items/18818114?source1=aisle&source2=3570&source3=3570&impressionId=a08317dc-5bbc-4575-b7de-80aa0c002db7",
   "FIELD9": ""
 },
 {
   "category": "Deli",
   "subcategory": "Fresh Dips & Tapenades",
   "name": "Whole Foods Market Olive Hummus\n",
   "price": "2.69",
   "description": "8 oz�",
   "image": "https://d2lnr5mha7bycj.cloudfront.net/product-image/file/large_138c4d6f-2535-4358-8fbb-9bdcb37bab67.jpg",
   "Image 2": "",
   "Product Link": "https://www.instacart.com/store/items/4566323?source1=aisle&source2=3570&source3=3570&impressionId=5cd2ef39-c1c0-4b9a-bc51-f519b301d856",
   "FIELD9": ""
 },
 {
   "category": "Deli",
   "subcategory": "Fresh Dips & Tapenades",
   "name": "365 Salsa Cantina Style Kick O Jalapeno\n",
   "price": "2.99",
   "description": "16 oz�",
   "image": "https://d2lnr5mha7bycj.cloudfront.net/product-image/file/large_4cb41e75-7b45-4001-b4a0-b4d5485af6ef.jpg",
   "Image 2": "",
   "Product Link": "https://www.instacart.com/store/items/44289193?source1=aisle&source2=3570&source3=3570&impressionId=3c331132-212c-4db9-8674-9411fab83d3a",
   "FIELD9": ""
 },
 {
   "category": "Deli",
   "subcategory": "Fresh Dips & Tapenades",
   "name": "365 Mild Poblano Cantina Style Salsa\n",
   "price": "2.99",
   "description": "16 oz�",
   "image": "https://d2lnr5mha7bycj.cloudfront.net/product-image/file/large_bf7efbc1-9aaf-486f-bada-e31ffda694a1.jpg",
   "Image 2": "",
   "Product Link": "https://www.instacart.com/store/items/33197330?source1=aisle&source2=3570&source3=3570&impressionId=cded2747-d3ab-49da-af8f-e19f86521af5",
   "FIELD9": ""
 },
 {
   "category": "Deli",
   "subcategory": "Fresh Dips & Tapenades",
   "name": "Better Bean Co. Roasted Chipotle Bean Dip\n",
   "price": "3.99",
   "description": "14 oz�",
   "image": "https://d2lnr5mha7bycj.cloudfront.net/product-image/file/large_f7b22b1c-c778-4dab-b7e2-aa41fff161b9.jpg",
   "Image 2": "",
   "Product Link": "https://www.instacart.com/store/items/4567280?source1=aisle&source2=3570&source3=3570&impressionId=55df60a0-3caa-429d-a07b-cf832cc7bcf5",
   "FIELD9": ""
 },
 {
   "category": "Deli",
   "subcategory": "Fresh Dips & Tapenades",
   "name": "El Yucatan Guacamole Organic\n",
   "price": "5.99",
   "description": "8.0 oz�",
   "image": "https://d2lnr5mha7bycj.cloudfront.net/product-image/file/large_5d8e969d-35a3-4c4c-a297-6a5d10a4253b.jpg",
   "Image 2": "",
   "Product Link": "https://www.instacart.com/store/items/4569297?source1=aisle&source2=3570&source3=3570&impressionId=77c9345f-29ad-4b1e-a490-f2141ccf14d6",
   "FIELD9": ""
 },
 {
   "category": "Deli",
   "subcategory": "Fresh Dips & Tapenades",
   "name": "Whole Foods Market Dip French Onion\n",
   "price": "3.69",
   "description": "8 oz \n",
   "image": "https://d2lnr5mha7bycj.cloudfront.net/product-image/file/large_e4c87ab7-f7d1-447e-912a-d07ec9c6b707.jpg",
   "Image 2": "",
   "Product Link": "https://www.instacart.com/store/items/27320097?source1=aisle&source2=3570&source3=3570&impressionId=dfb6a450-0608-4385-a02d-aa2aff76328e",
   "FIELD9": ""
 },
 {
   "category": "Deli",
   "subcategory": "Tofu & Meat Alternatives",
   "name": "365 Organic Extra Firm Tofu",
   "price": "1.99",
   "description": "14 oz�",
   "image": "https://d2lnr5mha7bycj.cloudfront.net/product-image/file/large_dba4b0d4-5635-4bd6-a9f6-302f4ef60d7e.jpg",
   "Image 2": "",
   "Product Link": "https://www.instacart.com/store/items/4471302?source1=aisle&source2=608&source3=608&impressionId=38313bdf-da13-4746-9d45-31f351046ace",
   "FIELD9": ""
 },
 {
   "category": "Deli",
   "subcategory": "Tofu & Meat Alternatives",
   "name": "365 Organic Firm Tofu\n",
   "price": "1.99",
   "description": "14 oz�",
   "image": "https://d2lnr5mha7bycj.cloudfront.net/product-image/file/large_e38c2f9a-4360-408a-a0b7-40fae622db1a.jpg",
   "Image 2": "",
   "Product Link": "https://www.instacart.com/store/items/4471149?source1=aisle&source2=608&source3=608&impressionId=141c03cf-bdcb-4c5d-ab18-6f5c2fa79d95",
   "FIELD9": ""
 },
 {
   "category": "Deli",
   "subcategory": "Tofu & Meat Alternatives",
   "name": "Wildwood Organic SprouTofu Teriyaki Baked Tofu\n",
   "price": "4.49",
   "description": "6 oz�",
   "image": "https://d2lnr5mha7bycj.cloudfront.net/product-image/file/large_7dec5ddc-f67d-468b-b3ec-b05315bf6b7f.jpg",
   "Image 2": "",
   "Product Link": "https://www.instacart.com/store/items/6906325?source1=aisle&source2=608&source3=608&impressionId=3154f59e-e06f-467b-84ff-5f48f234889c",
   "FIELD9": ""
 },
 {
   "category": "Deli",
   "subcategory": "Tofu & Meat Alternatives",
   "name": "Nasoya Organic Extra Firm Tofu\n",
   "price": "2.69",
   "description": "14 oz�",
   "image": "https://d2lnr5mha7bycj.cloudfront.net/product-image/file/large_7b558203-c745-49e5-b2f9-40ed2afe3e24.JPG",
   "Image 2": "",
   "Product Link": "https://www.instacart.com/store/items/4474580?source1=aisle&source2=608&source3=608&impressionId=820707c0-4052-4c8f-a6c2-398fd3ba68c3",
   "FIELD9": ""
 },
 {
   "category": "Deli",
   "subcategory": "Tofu & Meat Alternatives",
   "name": "Lightlife Organic Flax Tempeh\n",
   "price": "3.49",
   "description": "8 oz�",
   "image": "https://d2lnr5mha7bycj.cloudfront.net/product-image/file/large_e7f5ecd2-55b1-4699-b059-b721c95cd006.jpg",
   "Image 2": "",
   "Product Link": "https://www.instacart.com/store/items/4464950?source1=aisle&source2=608&source3=608&impressionId=c2d1c069-8fa4-410d-b485-437bef6b11c3",
   "FIELD9": ""
 },
 {
   "category": "Deli",
   "subcategory": "Tofu & Meat Alternatives",
   "name": "Tofurky Hickory Smoked Ultra Thin Deli Slices\n",
   "price": "2.79",
   "description": "5.5 oz�",
   "image": "https://d2lnr5mha7bycj.cloudfront.net/product-image/file/large_6f2353de-6552-4ced-9943-559a5857d3c7.jpg",
   "Image 2": "",
   "Product Link": "https://www.instacart.com/store/items/4472748?source1=aisle&source2=608&source3=608&impressionId=bf064af9-bf09-4e7c-bb36-0ccfc862c78f",
   "FIELD9": ""
 },
 {
   "category": "Deli",
   "subcategory": "Tofu & Meat Alternatives",
   "name": "Beyond Meat Meat Alternative Burger",
   "price": "5.99",
   "description": "2 x 4 oz�",
   "image": "https://d2lnr5mha7bycj.cloudfront.net/product-image/file/large_af419ccc-6964-4447-a257-9a5e59cc3d10.jpg",
   "Image 2": "",
   "Product Link": "https://www.instacart.com/store/items/49690641?source1=aisle&source2=608&source3=608&impressionId=5a1ab994-06f5-4aee-a9f3-a8028b13fb58",
   "FIELD9": ""
 },
 {
   "category": "Deli",
   "subcategory": "Tofu & Meat Alternatives",
   "name": "Tofurky Italian Sausage with Sun-Dried Tomatoes and Basil\n",
   "price": "3.99",
   "description": "14 oz�",
   "image": "https://d2lnr5mha7bycj.cloudfront.net/product-image/file/large_02d55661-5ee5-4187-b693-e818f5226fbb.jpg",
   "Image 2": "",
   "Product Link": "https://www.instacart.com/store/items/4473671?source1=aisle&source2=608&source3=608&impressionId=f383b612-ff54-4a43-9070-7d4416e32285",
   "FIELD9": ""
 },
 {
   "category": "Deli",
   "subcategory": "Tofu & Meat Alternatives",
   "name": "Wildwood Organic SprouTofu Savory Baked Tofu\n",
   "price": "4.49",
   "description": "6 oz�",
   "image": "https://d2lnr5mha7bycj.cloudfront.net/product-image/file/large_b1e94879-a614-46ca-8696-6ce07c0f306d.jpg",
   "Image 2": "",
   "Product Link": "https://www.instacart.com/store/items/4471632?source1=aisle&source2=608&source3=608&impressionId=4ffafa9f-6ff3-43b9-8b26-557537268e18",
   "FIELD9": ""
 },
 {
   "category": "Deli",
   "subcategory": "Tofu & Meat Alternatives",
   "name": "Gardein Classic Meatless Meatballs\n",
   "price": "4.49",
   "description": "12.7 oz�",
   "image": "https://d2lnr5mha7bycj.cloudfront.net/product-image/file/large_0ec48c95-afaa-4be1-9a8c-6a9ea95f0274.JPG",
   "Image 2": "",
   "Product Link": "https://www.instacart.com/store/items/27597232?source1=aisle&source2=608&source3=608&impressionId=3d8c82b5-16b2-43a0-9062-6dc6e6cee727",
   "FIELD9": ""
 },
 {
   "category": "Deli",
   "subcategory": "Tofu & Meat Alternatives",
   "name": "Wildwood Organic SprouTofu Super Firm Tofu\n",
   "price": "3.99",
   "description": "20 oz�",
   "image": "https://d2lnr5mha7bycj.cloudfront.net/product-image/file/large_7c1931c1-72cf-4cad-a1b6-bb8d58c92503.jpg",
   "Image 2": "",
   "Product Link": "https://www.instacart.com/store/items/4472027?source1=aisle&source2=608&source3=608&impressionId=46584ced-b665-4850-9c02-4a1d1cc37f66",
   "FIELD9": ""
 },
 {
   "category": "Deli",
   "subcategory": "Tofu & Meat Alternatives",
   "name": "Field Roast Vegetarian Grain Meat Sausages Italian - 4 CT\n",
   "price": "5.49",
   "description": "12.95 oz \n",
   "image": "https://d2lnr5mha7bycj.cloudfront.net/product-image/file/large_11ffd7b1-5b8e-4910-af6a-5e98dad902a9.jpg",
   "Image 2": "",
   "Product Link": "https://www.instacart.com/store/items/4468379?source1=aisle&source2=608&source3=608&impressionId=e68c3059-7985-4d2e-8545-960cc712b468",
   "FIELD9": ""
 },
 {
   "category": "Deli",
   "subcategory": "Tofu & Meat Alternatives",
   "name": "Tofurky Original Tofurky Deli Slices\n",
   "price": "2.99",
   "description": "5.5 oz \n",
   "image": "https://d2lnr5mha7bycj.cloudfront.net/product-image/file/large_551c7db7-d842-4a8d-8b80-c6433b539cf9.jpg",
   "Image 2": "",
   "Product Link": "https://www.instacart.com/store/items/4472960?source1=aisle&source2=608&source3=608&impressionId=8dce75e4-74c8-4304-863a-9e557c71014b",
   "FIELD9": ""
 },
 {
   "category": "Deli",
   "subcategory": "Tofu & Meat Alternatives",
   "name": "Field Roast Smoked Apple Sage Sausages",
   "price": "5.49",
   "description": "12.95 oz�",
   "image": "https://d2lnr5mha7bycj.cloudfront.net/product-image/file/large_53528c68-c94b-4035-a20b-e8bb2fe5f28f.jpg",
   "Image 2": "",
   "Product Link": "https://www.instacart.com/store/items/4467795?source1=aisle&source2=608&source3=608&impressionId=07f9a5ee-3cfb-414c-9d6c-22421b69c7b0",
   "FIELD9": ""
 },
 {
   "category": "Deli",
   "subcategory": "Tofu & Meat Alternatives",
   "name": "Field Roast Vegan Apple Maple Breakfast Sausage\n",
   "price": "5.49",
   "description": "9.31 oz�",
   "image": "https://d2lnr5mha7bycj.cloudfront.net/product-image/file/large_91b80bc4-3f54-4f08-9bb1-5e62f78191b0.jpg",
   "Image 2": "",
   "Product Link": "https://www.instacart.com/store/items/4502686?source1=aisle&source2=608&source3=608&impressionId=183e6123-2395-4081-97ec-6716fcfebcd6",
   "FIELD9": ""
 },
 {
   "category": "Deli",
   "subcategory": "Tofu & Meat Alternatives",
   "name": "Lightlife Jumbo Veggie Protein Smart Dogs Links\n",
   "price": "4.99",
   "description": "13.5 oz \n",
   "image": "https://d2lnr5mha7bycj.cloudfront.net/product-image/file/large_b3b924aa-1337-48db-abf0-3870fb9dc416.jpg",
   "Image 2": "",
   "Product Link": "https://www.instacart.com/store/items/21007948?source1=aisle&source2=608&source3=608&impressionId=4a89f830-be48-4f76-8d91-350c190dee8c",
   "FIELD9": ""
 },
 {
   "category": "Deli",
   "subcategory": "Tofu & Meat Alternatives",
   "name": "Lightlife Fakin' Bacon Organic Smoky Tempeh Strips\n",
   "price": "4.99",
   "description": "6 oz�",
   "image": "https://d2lnr5mha7bycj.cloudfront.net/product-image/file/large_6cd62d34-e54a-4910-873d-b589e9002dd5.jpg",
   "Image 2": "",
   "Product Link": "https://www.instacart.com/store/items/4465338?source1=aisle&source2=608&source3=608&impressionId=932a578b-1101-47e5-a992-8cdb08132815",
   "FIELD9": ""
 },
 {
   "category": "Deli",
   "subcategory": "Tofu & Meat Alternatives",
   "name": "Turtle Island Foods Peppered Tofurky Deli Slices\n",
   "price": "2.99",
   "description": "5.5 oz�",
   "image": "https://d2lnr5mha7bycj.cloudfront.net/product-image/file/large_287f836e-45f4-48ef-98dc-33711d1db6fc.jpg",
   "Image 2": "",
   "Product Link": "https://www.instacart.com/store/items/4474321?source1=aisle&source2=608&source3=608&impressionId=21ce8c6b-c5b3-4373-9a97-2fcf14faf71f",
   "FIELD9": ""
 },
 {
   "category": "Deli",
   "subcategory": "Tofu & Meat Alternatives",
   "name": "Nasoya Organic Firm Tofu\n",
   "price": "2.69\n",
   "description": "14 oz�",
   "image": "https://d2lnr5mha7bycj.cloudfront.net/product-image/file/large_256071bc-ae3e-4e4b-b6f5-1a2c58ef3860.JPG",
   "Image 2": "",
   "Product Link": "https://www.instacart.com/store/items/4474693?source1=aisle&source2=608&source3=608&impressionId=aa15076c-8da7-40ef-8ff2-35735698620b",
   "FIELD9": ""
 },
 {
   "category": "Deli",
   "subcategory": "Tofu & Meat Alternatives",
   "name": "Lightlife Veggie Smart Dogs Protein Links\n",
   "price": "4.49",
   "description": "12 oz \n",
   "image": "https://d2lnr5mha7bycj.cloudfront.net/product-image/file/large_57344ce7-b7d2-4e25-8e14-abc062589a3d.jpg",
   "Image 2": "",
   "Product Link": "https://www.instacart.com/store/items/21026891?source1=aisle&source2=608&source3=608&impressionId=e3b39113-1df1-48e3-9bd0-3f1ab2746edd",
   "FIELD9": ""
 },
 {
   "category": "Deli",
   "subcategory": "Newly Added",
   "name": "Whole Foods Market Olive Bar\n",
   "price": "10.99",
   "description": "lb",
   "image": "https://d2lnr5mha7bycj.cloudfront.net/product-image/file/large_1862967f-0050-4b62-ac2a-8b41699f1d03.jpg",
   "Image 2": "",
   "Product Link": "https://www.instacart.com/store/items/4592406?source1=aisle&source2=16810&source3=16810&impressionId=e14d7a48-1e9e-4c71-8736-61280ca03589",
   "FIELD9": ""
 },
 {
   "category": "Deli",
   "subcategory": "Newly Added",
   "name": "Cypress Grove Chevre Midnight Moon Cheese\n",
   "price": "32.99",
   "description": "lb",
   "image": "https://d2lnr5mha7bycj.cloudfront.net/product-image/file/large_89ede2ea-8314-46b0-8b54-622e5a1805cb.jpg",
   "Image 2": "",
   "Product Link": "https://www.instacart.com/store/items/18955976?source1=aisle&source2=16810&source3=16810&impressionId=d26ebf31-dc18-47f6-b628-456975b55e5c",
   "FIELD9": ""
 },
 {
   "category": "Deli",
   "subcategory": "Newly Added",
   "name": "Fords Farm Seaside Cheddar Cheese\n",
   "price": "13.19",
   "description": "lb",
   "image": "https://d2lnr5mha7bycj.cloudfront.net/product-image/file/large_6faf5d2e-c8c3-40df-8c8a-782e84bd2952.jpg",
   "Image 2": "",
   "Product Link": "https://www.instacart.com/store/items/25897799?source1=aisle&source2=16810&source3=16810&impressionId=8503be17-b8c0-4bde-a235-2cc89f657e56",
   "FIELD9": ""
 },
 {
   "category": "Pantry",
   "subcategory": "Condiments",
   "name": "365 Organic Ketchup\n",
   "price": "2.19",
   "description": "24 oz�",
   "image": "https://d2lnr5mha7bycj.cloudfront.net/product-image/file/large_7c4cc4fc-6c82-4114-b257-2713ac96485e.jpg",
   "Image 2": "",
   "Product Link": "https://www.instacart.com/store/items/4488476?source1=aisle&source2=560&source3=560&impressionId=f7ac125a-0ebd-43e3-833c-5666bf66140d",
   "FIELD9": ""
 },
 {
   "category": "Pantry",
   "subcategory": "Condiments",
   "name": "365 Organic Mayonnaise",
   "price": "3.49",
   "description": "16 fl oz�",
   "image": "https://d2lnr5mha7bycj.cloudfront.net/product-image/file/large_f60e5979-6fed-41f2-98cc-93478815ea92.jpg",
   "Image 2": "",
   "Product Link": "https://www.instacart.com/store/items/4528595?source1=aisle&source2=560&source3=560&impressionId=c4ca4c4e-235e-4d0a-937e-091043464bda",
   "FIELD9": ""
 },
 {
   "category": "Pantry",
   "subcategory": "Condiments",
   "name": "365 Tomato Ketchup\n",
   "price": "2.99",
   "description": "32 oz�",
   "image": "https://d2lnr5mha7bycj.cloudfront.net/product-image/file/large_95fa9442-1565-4465-afda-e1501bd766ce.jpg",
   "Image 2": "",
   "Product Link": "https://www.instacart.com/store/items/4524328?source1=aisle&source2=560&source3=560&impressionId=c0a5a647-0fb5-4744-866c-aa68b353bb13",
   "FIELD9": ""
 },
 {
   "category": "Pantry",
   "subcategory": "Condiments",
   "name": "365 Organic Dijon Mustard\n",
   "price": "2",
   "description": "8 oz�",
   "image": "https://d2lnr5mha7bycj.cloudfront.net/product-image/file/large_da380049-bfbe-4667-a751-67744485d40d.jpg",
   "Image 2": "",
   "Product Link": "https://www.instacart.com/store/items/4488868?source1=aisle&source2=560&source3=560&impressionId=caf32789-fefc-471d-8b1d-3e4f1a70f7d7",
   "FIELD9": ""
 },
 {
   "category": "Pantry",
   "subcategory": "Condiments",
   "name": "365 Organic 100% Juice Lemon\n",
   "price": "2.99",
   "description": "10 fl oz�",
   "image": "https://d2lnr5mha7bycj.cloudfront.net/product-image/file/large_c38c9561-152e-4cc4-8eac-8a69b0770fc1.jpg",
   "Image 2": "",
   "Product Link": "https://www.instacart.com/store/items/4542305?source1=aisle&source2=560&source3=560&impressionId=c2a1b813-7626-4ca3-949c-d41d80d78ce8",
   "FIELD9": ""
 },
 {
   "category": "Pantry",
   "subcategory": "Condiments",
   "name": "Heinz Organic Tomato Ketchup\n",
   "price": "3.39",
   "description": "14 oz�",
   "image": "https://d2lnr5mha7bycj.cloudfront.net/product-image/file/large_78b009f4-3755-4097-9293-69a9f3c23942.jpg",
   "Image 2": "",
   "Product Link": "https://www.instacart.com/store/items/4530028?source1=aisle&source2=560&source3=560&impressionId=23f39c2b-b724-4762-8045-ac9a27c887ae",
   "FIELD9": ""
 },
 {
   "category": "Pantry",
   "subcategory": "Condiments",
   "name": "365 Fresh Kosher Spear Pickles\n",
   "price": "3.99",
   "description": "24 fl oz�",
   "image": "https://d2lnr5mha7bycj.cloudfront.net/product-image/file/large_9bf74f8e-8156-40ac-8ee4-46f34413e538.jpg",
   "Image 2": "",
   "Product Link": "https://www.instacart.com/store/items/4475961?source1=aisle&source2=560&source3=560&impressionId=799e79f3-416e-480b-aa9d-babc0082fc02",
   "FIELD9": ""
 },
 {
   "category": "Pantry",
   "subcategory": "Condiments",
   "name": "365 Organic Tahini\n",
   "price": "5.99",
   "description": "16 oz�",
   "image": "https://d2lnr5mha7bycj.cloudfront.net/product-image/file/large_831dfa23-8b0e-4daf-8bd6-997316f572ca.jpg",
   "Image 2": "",
   "Product Link": "https://www.instacart.com/store/items/4544634?source1=aisle&source2=560&source3=560&impressionId=dcad0c74-b2c0-46ea-a620-207dd6461173",
   "FIELD9": ""
 },
 {
   "category": "Pantry",
   "subcategory": "Condiments",
   "name": "365 Organic Reduced Sodium Soy Sauce\n",
   "price": "3.49",
   "description": "10 fl oz�",
   "image": "https://d2lnr5mha7bycj.cloudfront.net/product-image/file/large_2429f471-74ce-4c63-8f20-43e5d96124ff.jpg",
   "Image 2": "",
   "Product Link": "https://www.instacart.com/store/items/4539463?source1=aisle&source2=560&source3=560&impressionId=1727c13d-9016-4531-a567-47f428a2c3f6",
   "FIELD9": ""
 },
 {
   "category": "Pantry",
   "subcategory": "Condiments",
   "name": "Cholula Hot Sauce Original\n",
   "price": "3.99",
   "description": "5 fl oz�",
   "image": "https://d2lnr5mha7bycj.cloudfront.net/product-image/file/large_a7625cd6-8300-4ec6-b827-2e3d78fefc58.jpg",
   "Image 2": "",
   "Product Link": "https://www.instacart.com/store/items/4470857?source1=aisle&source2=560&source3=560&impressionId=aec70ac3-e213-4d06-b42b-3444a1f478b6",
   "FIELD9": ""
 },
 {
   "category": "Pantry",
   "subcategory": "Condiments",
   "name": "365 Organic Worcestershire Sauce\n",
   "price": "2.29",
   "description": "5 fl oz�",
   "image": "https://d2lnr5mha7bycj.cloudfront.net/product-image/file/large_99636513-ef1d-4183-b054-5af6a6d812d5.jpg",
   "Image 2": "",
   "Product Link": "https://www.instacart.com/store/items/4528034?source1=aisle&source2=560&source3=560&impressionId=42e3e858-34c5-4a76-b637-5df1cae12670",
   "FIELD9": ""
 },
 {
   "category": "Pantry",
   "subcategory": "Condiments",
   "name": "Just Mayo Hampton Creek\n",
   "price": "4.99",
   "description": "16 oz�",
   "image": "https://d2lnr5mha7bycj.cloudfront.net/product-image/file/large_0063d784-c723-4f27-9b58-42e882d4c1ab.jpg",
   "Image 2": "",
   "Product Link": "https://www.instacart.com/store/items/4507731?source1=aisle&source2=560&source3=560&impressionId=2d87d89f-3f7b-4749-ba16-b17d7b6c11e2",
   "FIELD9": ""
 },
 {
   "category": "Pantry",
   "subcategory": "Condiments",
   "name": "365 Organic Sauerkraut\n",
   "price": "3.99",
   "description": "32 fl oz�",
   "image": "https://d2lnr5mha7bycj.cloudfront.net/product-image/file/large_33ef2e17-3085-49c9-a78f-cf039207e597.jpg",
   "Image 2": "",
   "Product Link": "https://www.instacart.com/store/items/4475948?source1=aisle&source2=560&source3=560&impressionId=f0b7c05f-0e6b-4411-a71b-800bb77ca5d1",
   "FIELD9": ""
 },
 {
   "category": "Pantry",
   "subcategory": "Condiments",
   "name": "365 Organic Squeezable Light Mayonnaise\n",
   "price": "2.99",
   "description": "11.2 fl oz�",
   "image": "https://d2lnr5mha7bycj.cloudfront.net/product-image/file/large_2187629d-6069-4091-a45f-e569bdf96bd5.jpg",
   "Image 2": "",
   "Product Link": "https://www.instacart.com/store/items/4538594?source1=aisle&source2=560&source3=560&impressionId=8483621e-719b-4a24-9f11-947e6d4f7cd1",
   "FIELD9": ""
 },
 {
   "category": "Pantry",
   "subcategory": "Condiments",
   "name": "365 Organic Honey Mustard\n",
   "price": "2",
   "description": "8 oz�",
   "image": "https://d2lnr5mha7bycj.cloudfront.net/product-image/file/large_be271d15-7cf1-4d62-966a-e7e1e95f96c9.jpg",
   "Image 2": "",
   "Product Link": "https://www.instacart.com/store/items/4476991?source1=aisle&source2=560&source3=560&impressionId=907d371e-8df0-4f36-b9b8-c7d304ddecf4",
   "FIELD9": ""
 },
 {
   "category": "Pantry",
   "subcategory": "Condiments",
   "name": "365 Organic Bread And Butter Pickle Chips\n",
   "price": "3.89",
   "description": "24 fl oz�",
   "image": "https://d2lnr5mha7bycj.cloudfront.net/product-image/file/large_3194f191-9c13-463b-9717-33e5be4a48a0.jpg",
   "Image 2": "",
   "Product Link": "https://www.instacart.com/store/items/4488064?source1=aisle&source2=560&source3=560&impressionId=c8fb117e-5568-40e4-a002-d8762da75e1e",
   "FIELD9": ""
 },
 {
   "category": "Pantry",
   "subcategory": "Condiments",
   "name": "365 Organic Yellow Mustard\n",
   "price": "2.5",
   "description": "14 oz�",
   "image": "https://d2lnr5mha7bycj.cloudfront.net/product-image/file/large_43afc40c-4cdf-4c96-9834-aac5216e8673.jpg",
   "Image 2": "",
   "Product Link": "https://www.instacart.com/store/items/4524590?source1=aisle&source2=560&source3=560&impressionId=ff9ae4e0-dc0a-4829-b21f-feed7b907290",
   "FIELD9": ""
 },
 {
   "category": "Pantry",
   "subcategory": "Condiments",
   "name": "365 Organic Teriyaki Sauce\n",
   "price": "2.99",
   "description": "10 fl oz�",
   "image": "https://d2lnr5mha7bycj.cloudfront.net/product-image/file/large_5ffa941c-b19f-4e1b-9d71-27ab98935430.jpg",
   "Image 2": "",
   "Product Link": "https://www.instacart.com/store/items/4527318?source1=aisle&source2=560&source3=560&impressionId=f34c279e-9613-4bd5-b7df-7a9d244595e4",
   "FIELD9": ""
 },
 {
   "category": "Pantry",
   "subcategory": "Condiments",
   "name": "Coconut Secret The Original Coconut Aminos Soy-Free Seasoning Sauce\n",
   "price": "6.49",
   "description": "8 oz \n",
   "image": "https://d2lnr5mha7bycj.cloudfront.net/product-image/file/large_98e34c0d-1924-40b9-8c5f-dd26f57a0839.jpg",
   "Image 2": "",
   "Product Link": "https://www.instacart.com/store/items/21640871?source1=aisle&source2=560&source3=560&impressionId=d050f8a6-2d92-4b2d-be88-71df64db5af8",
   "FIELD9": ""
 },
 {
   "category": "Pantry",
   "subcategory": "Condiments",
   "name": "Maille Old Style Whole Grain Dijon Mustard\n",
   "price": "4.39",
   "description": "7.3 oz�",
   "image": "https://d2lnr5mha7bycj.cloudfront.net/product-image/file/large_fd116127-f3f1-4f3a-99ac-4582cddae294.jpg",
   "Image 2": "",
   "Product Link": "https://www.instacart.com/store/items/4532496?source1=aisle&source2=560&source3=560&impressionId=052b439c-8210-4595-af00-93f4be3b999b",
   "FIELD9": ""
 },
 {
   "category": "Pantry",
   "subcategory": "Honeys, Syrups & Nectars",
   "name": "365 Organic Mountain Forest Light Amber Honey\n",
   "price": "5.49",
   "description": "12 oz�",
   "image": "https://d2lnr5mha7bycj.cloudfront.net/product-image/file/large_4f24993c-06c4-4baf-882b-577dbc803b09.jpg",
   "Image 2": "",
   "Product Link": "https://www.instacart.com/store/items/4544379?source1=aisle&source2=551&source3=551&impressionId=43bedb5b-e0d9-4097-a854-ae25dcdf3672",
   "FIELD9": ""
 },
 {
   "category": "Pantry",
   "subcategory": "Honeys, Syrups & Nectars",
   "name": "365 Organic Grade A Dark Amber Maple Syrup\n",
   "price": "8.99",
   "description": "12 fl oz�",
   "image": "https://d2lnr5mha7bycj.cloudfront.net/product-image/file/large_165fd533-cc55-4e5d-b7b2-e95eb280d640.jpg",
   "Image 2": "",
   "Product Link": "https://www.instacart.com/store/items/4488812?source1=aisle&source2=551&source3=551&impressionId=1b5ea2bf-2880-45aa-9b9f-a9faaf666732",
   "FIELD9": ""
 },
 {
   "category": "Pantry",
   "subcategory": "Honeys, Syrups & Nectars",
   "name": "365 Organic Grade A Light Amber Maple Syrup\n",
   "price": "6.99",
   "description": "8 fl oz�",
   "image": "https://d2lnr5mha7bycj.cloudfront.net/product-image/file/large_fccdc03a-262a-437b-ad2c-ffd0e2dbbb3d.jpg",
   "Image 2": "",
   "Product Link": "https://www.instacart.com/store/items/4488772?source1=aisle&source2=551&source3=551&impressionId=c47be728-4eb9-4185-9722-43fdce28f234",
   "FIELD9": ""
 },
 {
   "category": "Pantry",
   "subcategory": "Honeys, Syrups & Nectars",
   "name": "365 Organic Grade A Amber Maple Syrup\n",
   "price": "19.99",
   "description": "32 fl oz�",
   "image": "https://d2lnr5mha7bycj.cloudfront.net/product-image/file/large_0a00b085-9e56-468f-861e-fbcd8ec61500.jpg",
   "Image 2": "",
   "Product Link": "https://www.instacart.com/store/items/4482798?source1=aisle&source2=551&source3=551&impressionId=0d915d5c-03d5-43b8-a6e2-ff97696785a0",
   "FIELD9": ""
 },
 {
   "category": "Pantry",
   "subcategory": "Honeys, Syrups & Nectars",
   "name": "365 Organic Mountain Forest Honey Amber",
   "price": "5.49",
   "description": "12 oz�",
   "image": "https://d2lnr5mha7bycj.cloudfront.net/product-image/file/large_e4fb92b9-231a-4247-a52c-5701e06365d2.jpg",
   "Image 2": "",
   "Product Link": "https://www.instacart.com/store/items/4537261?source1=aisle&source2=551&source3=551&impressionId=95d6edc8-58de-49b1-8724-2bb0e76b6da0",
   "FIELD9": ""
 },
 {
   "category": "Pantry",
   "subcategory": "Honeys, Syrups & Nectars",
   "name": "365 Organic Mountain Forest Raw Honey\n",
   "price": "6.59",
   "description": "16 oz�",
   "image": "https://d2lnr5mha7bycj.cloudfront.net/product-image/file/large_29fe6aca-6b5c-46e7-9290-e05208ce0f2b.jpg",
   "Image 2": "",
   "Product Link": "https://www.instacart.com/store/items/4544218?source1=aisle&source2=551&source3=551&impressionId=35ca2256-9f60-430e-a0d5-df2a2fae8948",
   "FIELD9": ""
 },
 {
   "category": "Pantry",
   "subcategory": "Honeys, Syrups & Nectars",
   "name": "365 Organic Light Agave Nectar\n",
   "price": "5.49",
   "description": "23.5 fl oz�",
   "image": "https://d2lnr5mha7bycj.cloudfront.net/product-image/file/large_df04d00a-8ae8-4616-ab55-b8d37cea3a87.jpg",
   "Image 2": "",
   "Product Link": "https://www.instacart.com/store/items/4573550?source1=aisle&source2=551&source3=551&impressionId=21791ae4-af9a-44b5-8afb-60e618a13bb2",
   "FIELD9": ""
 },
 {
   "category": "Pantry",
   "subcategory": "Honeys, Syrups & Nectars",
   "name": "365 Organic Grade A Dark Maple Syrup\n",
   "price": "18.99",
   "description": "32 fl oz�",
   "image": "https://d2lnr5mha7bycj.cloudfront.net/product-image/file/large_551fb881-15b8-4ebd-9567-99a261bb0f9b.jpg",
   "Image 2": "",
   "Product Link": "https://www.instacart.com/store/items/4488794?source1=aisle&source2=551&source3=551&impressionId=6d25641a-2dff-4c92-bbff-e4e3e0619d03",
   "FIELD9": ""
 },
 {
   "category": "Pantry",
   "subcategory": "Honeys, Syrups & Nectars",
   "name": "365 Organic Grade A Medium Maple Syrup\n",
   "price": "8.99",
   "description": "12 fl oz�",
   "image": "https://d2lnr5mha7bycj.cloudfront.net/product-image/file/large_e7fdd6ef-f650-4f1c-80a7-6cd29a07721d.jpg",
   "Image 2": "",
   "Product Link": "https://www.instacart.com/store/items/4572804?source1=aisle&source2=551&source3=551&impressionId=de99413c-6cba-42ea-9cd4-a431358af0f0",
   "FIELD9": ""
 },
 {
   "category": "Pantry",
   "subcategory": "Honeys, Syrups & Nectars",
   "name": "365 Organic Stevia Liquid Extract\n",
   "price": "6.99",
   "description": "2 fl oz�",
   "image": "https://d2lnr5mha7bycj.cloudfront.net/product-image/file/large_6361e63e-2e93-4f6a-b3b8-36b57cad5799.jpg",
   "Image 2": "",
   "Product Link": "https://www.instacart.com/store/items/4511954?source1=aisle&source2=551&source3=551&impressionId=42e01c8c-a095-4cbc-b15d-1d0e2056a1c5",
   "FIELD9": ""
 },
 {
   "category": "Pantry",
   "subcategory": "Honeys, Syrups & Nectars",
   "name": "365 Organic Mountain Forest Amber Honey\n",
   "price": "8.99",
   "description": "24 oz�",
   "image": "https://d2lnr5mha7bycj.cloudfront.net/product-image/file/large_19d9acd2-75eb-4f43-8a5c-f6a6cf614410.jpg",
   "Image 2": "",
   "Product Link": "https://www.instacart.com/store/items/4544286?source1=aisle&source2=551&source3=551&impressionId=baf53b27-7524-4e2c-bb91-840603c983a1",
   "FIELD9": ""
 },
 {
   "category": "Pantry",
   "subcategory": "Honeys, Syrups & Nectars",
   "name": "365 Organic Mountain Forest Honey Light Amber\n",
   "price": "8.99",
   "description": "24 oz�",
   "image": "https://d2lnr5mha7bycj.cloudfront.net/product-image/file/large_d27a6ea4-9755-4720-8074-a49e4cd6f853.jpg",
   "Image 2": "",
   "Product Link": "https://www.instacart.com/store/items/22395591?source1=aisle&source2=551&source3=551&impressionId=fa0fd544-96bd-440c-9f23-2dfff5380092",
   "FIELD9": ""
 },
 {
   "category": "Pantry",
   "subcategory": "Honeys, Syrups & Nectars",
   "name": "365 Organic Raw Agave Nectar\n",
   "price": "5.49",
   "description": "23.5 oz�",
   "image": "https://d2lnr5mha7bycj.cloudfront.net/product-image/file/large_ed6ecffa-ec64-43f7-9591-1b98ab7a479f.jpg",
   "Image 2": "",
   "Product Link": "https://www.instacart.com/store/items/4573551?source1=aisle&source2=551&source3=551&impressionId=3064214d-5c82-465b-8ec7-5ff8ee231cec",
   "FIELD9": ""
 },
 {
   "category": "Pantry",
   "subcategory": "Honeys, Syrups & Nectars",
   "name": "365 Organic White Raw Honey\n",
   "price": "7.99",
   "description": "16 oz�",
   "image": "https://d2lnr5mha7bycj.cloudfront.net/product-image/file/large_53d41b64-2bd5-4f96-acec-a5ffd049bcdd.jpg",
   "Image 2": "",
   "Product Link": "https://www.instacart.com/store/items/4544181?source1=aisle&source2=551&source3=551&impressionId=78816b73-267a-460f-9b97-f8763a93ced4",
   "FIELD9": ""
 },
 {
   "category": "Pantry",
   "subcategory": "Honeys, Syrups & Nectars",
   "name": "Wholesome Sweeteners Organic Pancake Syrup\n",
   "price": "5.99",
   "description": "20 oz�",
   "image": "https://d2lnr5mha7bycj.cloudfront.net/product-image/file/large_8aa7d20e-80fa-45b9-83fc-e9656bf916e9.jpg",
   "Image 2": "",
   "Product Link": "https://www.instacart.com/store/items/21571320?source1=aisle&source2=551&source3=551&impressionId=fd218ec7-9cc4-4c26-932a-39d08f6edb97",
   "FIELD9": ""
 },
 {
   "category": "Pantry",
   "subcategory": "Honeys, Syrups & Nectars",
   "name": "Y.S. Organic Bee Farms Organic Raw Honey\n",
   "price": "9.99",
   "description": "16 oz�",
   "image": "https://d2lnr5mha7bycj.cloudfront.net/product-image/file/large_725bae00-bd94-4d4d-816f-9f4c3cfd9545.jpg",
   "Image 2": "",
   "Product Link": "https://www.instacart.com/store/items/4498404?source1=aisle&source2=551&source3=551&impressionId=17ce94cf-d0a3-427e-85e1-bea96e909c32",
   "FIELD9": ""
 },
 {
   "category": "Pantry",
   "subcategory": "Honeys, Syrups & Nectars",
   "name": "Madhava Organic Very Raw Honey\n",
   "price": "13.99",
   "description": "22 oz�",
   "image": "https://d2lnr5mha7bycj.cloudfront.net/product-image/file/large_7447cd83-a94b-4c8a-a460-2d96c25e5375.jpg",
   "Image 2": "",
   "Product Link": "https://www.instacart.com/store/items/4515530?source1=aisle&source2=551&source3=551&impressionId=cc02a226-4077-4d62-9ebb-13e7d6b14707",
   "FIELD9": ""
 },
 {
   "category": "Pantry",
   "subcategory": "Honeys, Syrups & Nectars",
   "name": "Madhava Organic Golden Light Blue Agave Sweetener\n",
   "price": "5.49",
   "description": "11.75 oz�",
   "image": "https://d2lnr5mha7bycj.cloudfront.net/product-image/file/large_59a822d5-37c3-4d26-b7b6-076642e1d498.jpg",
   "Image 2": "",
   "Product Link": "https://www.instacart.com/store/items/4460294?source1=aisle&source2=551&source3=551&impressionId=0dcafd8d-1b69-4005-990e-823482ea5ea6",
   "FIELD9": ""
 },
 {
   "category": "Pantry",
   "subcategory": "Honeys, Syrups & Nectars",
   "name": "Plantation Blackstrap Molasses\n",
   "price": "5.49",
   "description": "15.0 fl oz�",
   "image": "https://d2lnr5mha7bycj.cloudfront.net/product-image/file/large_1e450abc-73f9-4fd7-a3df-c4f9c6ce4860.jpg",
   "Image 2": "",
   "Product Link": "https://www.instacart.com/store/items/4477471?source1=aisle&source2=551&source3=551&impressionId=ca8fcfa9-4ca2-4bda-bedc-9c99ee4fdb16",
   "FIELD9": ""
 },
 {
   "category": "Pantry",
   "subcategory": "Honeys, Syrups & Nectars",
   "name": "Shady Maple Farm Pure Maple Syrup\n",
   "price": "9.97",
   "description": "8 oz�",
   "image": "https://d2lnr5mha7bycj.cloudfront.net/product-image/file/large_f9302eb6-a3d8-4679-be01-ab064f2ac24a.jpg",
   "Image 2": "",
   "Product Link": "https://www.instacart.com/store/items/4477805?source1=aisle&source2=551&source3=551&impressionId=8749b71e-3897-41b2-8218-321c23bee0ef",
   "FIELD9": ""
 },
 {
   "category": "Pantry",
   "subcategory": "Spreads",
   "name": "365 Organic Creamy Peanut Butter\n",
   "price": "3.99",
   "description": "16 oz�",
   "image": "https://d2lnr5mha7bycj.cloudfront.net/product-image/file/large_5dda3120-af63-4f71-98e6-9cdace198f93.jpg",
   "Image 2": "",
   "Product Link": "https://www.instacart.com/store/items/4511480?source1=aisle&source2=532&source3=532&impressionId=f37ed7d2-59a9-43ef-a7d7-f0c3f91fe15a",
   "FIELD9": ""
 },
 {
   "category": "Pantry",
   "subcategory": "Spreads",
   "name": "365 Organic Creamy Unsweetened Peanut Butter",
   "price": "3.99",
   "description": "16 oz�",
   "image": "https://d2lnr5mha7bycj.cloudfront.net/product-image/file/large_2f813491-8598-443a-b127-5d34575ce832.jpg",
   "Image 2": "",
   "Product Link": "https://www.instacart.com/store/items/4511357?source1=aisle&source2=532&source3=532&impressionId=a54d7bde-e3e1-4d23-9bbc-38c8e779876b",
   "FIELD9": ""
 },
 {
   "category": "Pantry",
   "subcategory": "Spreads",
   "name": "365 Creamy Almond Butter\n",
   "price": "7.99",
   "description": "16 oz�",
   "image": "https://d2lnr5mha7bycj.cloudfront.net/product-image/file/large_2de05101-4d1b-49c7-8e78-52c1d4b4dc8e.jpg",
   "Image 2": "",
   "Product Link": "https://www.instacart.com/store/items/4518130?source1=aisle&source2=532&source3=532&impressionId=4d648f61-1951-4718-a84a-adb62646b2cd",
   "FIELD9": ""
 },
 {
   "category": "Pantry",
   "subcategory": "Spreads",
   "name": "365 Organic Strawberry Fruit Spread\n",
   "price": "4.49\n",
   "description": "17 oz�",
   "image": "https://d2lnr5mha7bycj.cloudfront.net/product-image/file/large_86e260ac-a2ac-4ede-866e-036d5de4db75.jpg",
   "Image 2": "",
   "Product Link": "https://www.instacart.com/store/items/4462052?source1=aisle&source2=532&source3=532&impressionId=d4b1d115-cea4-41a8-8695-4f2afbc9c942",
   "FIELD9": ""
 },
 {
   "category": "Pantry",
   "subcategory": "Spreads",
   "name": "365 Creamy Peanut Butter\n",
   "price": "2.49",
   "description": "16 oz�",
   "image": "https://d2lnr5mha7bycj.cloudfront.net/product-image/file/large_d4e2ad8c-f2ac-4849-94d9-f05468da2cfb.jpg",
   "Image 2": "",
   "Product Link": "https://www.instacart.com/store/items/18568153?source1=aisle&source2=532&source3=532&impressionId=0569b881-e64c-4641-8bf7-dcce1216acd7",
   "FIELD9": ""
 },
 {
   "category": "Pantry",
   "subcategory": "Spreads",
   "name": "Bonne Maman Strawberry Preserves\n",
   "price": "4.99",
   "description": "13 oz�",
   "image": "https://d2lnr5mha7bycj.cloudfront.net/product-image/file/large_0737a395-77b6-4c4e-ad9e-22a7bd7030e5.jpg",
   "Image 2": "",
   "Product Link": "https://www.instacart.com/store/items/4474324?source1=aisle&source2=532&source3=532&impressionId=f7806297-48a5-4780-8612-37eae64a1c73",
   "FIELD9": ""
 },
 {
   "category": "Pantry",
   "subcategory": "Spreads",
   "name": "Bonne Maman Raspberry Preserves\n",
   "price": "4.99",
   "description": "13 oz�",
   "image": "https://d2lnr5mha7bycj.cloudfront.net/product-image/file/large_a899760c-40c7-435a-9431-3f34b9a9ffc5.jpg",
   "Image 2": "",
   "Product Link": "https://www.instacart.com/store/items/4473535?source1=aisle&source2=532&source3=532&impressionId=d035c8c8-c02b-4251-842b-8f13a842817e",
   "FIELD9": ""
 },
 {
   "category": "Pantry",
   "subcategory": "Spreads",
   "name": "365 Crunchy Almond Butter\n",
   "price": "7.99",
   "description": "16 oz�",
   "image": "https://d2lnr5mha7bycj.cloudfront.net/product-image/file/large_94402c67-e41e-48b2-af32-fb277bd753ec.jpg",
   "Image 2": "",
   "Product Link": "https://www.instacart.com/store/items/4518055?source1=aisle&source2=532&source3=532&impressionId=b54eec42-6f01-4c85-aad5-06825d683044",
   "FIELD9": ""
 },
 {
   "category": "Pantry",
   "subcategory": "Spreads",
   "name": "365 Crunchy Peanut Butter\n",
   "price": "2.49",
   "description": "16 oz�",
   "image": "https://d2lnr5mha7bycj.cloudfront.net/product-image/file/large_37a9e218-ad98-477f-81a0-7765f60f8a98.jpg",
   "Image 2": "",
   "Product Link": "https://www.instacart.com/store/items/4500300?source1=aisle&source2=532&source3=532&impressionId=faf3d560-6f64-413a-8f08-187639d4cfd1",
   "FIELD9": ""
 },
 {
   "category": "Pantry",
   "subcategory": "Spreads",
   "name": "365 Organic Peanut Butter Crunchy, Sweetened\n",
   "price": "3.99",
   "description": "16 oz�",
   "image": "https://d2lnr5mha7bycj.cloudfront.net/product-image/file/large_1c5c8965-2bf5-46ec-82ff-2b67a36769dc.jpg",
   "Image 2": "",
   "Product Link": "https://www.instacart.com/store/items/4511381?source1=aisle&source2=532&source3=532&impressionId=31d224d2-1313-4dbc-b8ba-e4a8781ce038",
   "FIELD9": ""
 },
 {
   "category": "Pantry",
   "subcategory": "Spreads",
   "name": "Justin's Almond Butter Classic\n",
   "price": "14.99",
   "description": "16 oz�",
   "image": "https://d2lnr5mha7bycj.cloudfront.net/product-image/file/large_91e62801-ca83-496e-aa15-98d2f3be6b11.jpg",
   "Image 2": "",
   "Product Link": "https://www.instacart.com/store/items/4522048?source1=aisle&source2=532&source3=532&impressionId=da21aeed-666e-4518-ba4b-66a21cd24da1",
   "FIELD9": ""
 },
 {
   "category": "Pantry",
   "subcategory": "Spreads",
   "name": "365 Unsalted And Unsweetened Creamy Peanut Butter\n",
   "price": "3.99",
   "description": "16 oz�",
   "image": "https://d2lnr5mha7bycj.cloudfront.net/product-image/file/large_d0ae4419-e98b-4357-8386-eb2816ac0fd6.jpg",
   "Image 2": "",
   "Product Link": "https://www.instacart.com/store/items/4500417?source1=aisle&source2=532&source3=532&impressionId=ca1cec99-3cc7-4f8a-9011-4bab12ee207e",
   "FIELD9": ""
 },
 {
   "category": "Pantry",
   "subcategory": "Spreads",
   "name": "365 Crunchy Peanut Butter\n",
   "price": "4.99",
   "description": "36 oz�",
   "image": "https://d2lnr5mha7bycj.cloudfront.net/product-image/file/large_04b95c4d-7ed0-4b1d-9ad7-f0982181d5b8.jpg",
   "Image 2": "",
   "Product Link": "https://www.instacart.com/store/items/4483108?source1=aisle&source2=532&source3=532&impressionId=a060f3b5-060f-4800-a7d2-be15a1879c13",
   "FIELD9": ""
 },
 {
   "category": "Pantry",
   "subcategory": "Spreads",
   "name": "365 Creamy Peanut Butter With Salt\n",
   "price": "4.99",
   "description": "36 oz�",
   "image": "https://d2lnr5mha7bycj.cloudfront.net/product-image/file/large_b8166ed9-0773-44c0-9451-7c5d4daf46af.jpg",
   "Image 2": "",
   "Product Link": "https://www.instacart.com/store/items/4483201?source1=aisle&source2=532&source3=532&impressionId=3510c51c-9a60-47e8-a38c-ba8e34115ce3",
   "FIELD9": ""
 },
 {
   "category": "Pantry",
   "subcategory": "Spreads",
   "name": "Justin's All Natural Classic Almond Butter\n",
   "price": "1.59",
   "description": "1.15 oz�",
   "image": "https://d2lnr5mha7bycj.cloudfront.net/product-image/file/large_52295788-9b71-4a84-b178-44543666a1a5.jpg",
   "Image 2": "",
   "Product Link": "https://www.instacart.com/store/items/4539878?source1=aisle&source2=532&source3=532&impressionId=394e7377-5fee-4ae4-b032-650f9eb3fe00",
   "FIELD9": ""
 },
 {
   "category": "Pantry",
   "subcategory": "Spreads",
   "name": "365 Organic Concord Grape Jelly\n",
   "price": "4.49",
   "description": "17.5 oz�",
   "image": "https://d2lnr5mha7bycj.cloudfront.net/product-image/file/large_8c014625-9a62-4003-9f3e-4c95cf16e39d.jpg",
   "Image 2": "",
   "Product Link": "https://www.instacart.com/store/items/4542881?source1=aisle&source2=532&source3=532&impressionId=d976a545-5503-45f0-a441-bf0963430613",
   "FIELD9": ""
 },
 {
   "category": "Pantry",
   "subcategory": "Spreads",
   "name": "Justin's Peanut Butter Classic\n",
   "price": "5.99",
   "description": "16 oz�",
   "image": "https://d2lnr5mha7bycj.cloudfront.net/product-image/file/large_2b7a24ce-e7e7-4a5e-aa7b-3173996fd978.jpg",
   "Image 2": "",
   "Product Link": "https://www.instacart.com/store/items/4542237?source1=aisle&source2=532&source3=532&impressionId=86e2ff61-4b18-40f4-9d8a-1690090d0e52",
   "FIELD9": ""
 },
 {
   "category": "Pantry",
   "subcategory": "Spreads",
   "name": "365 Creamy Cashew Butter\n",
   "price": "9.99",
   "description": "16 oz�",
   "image": "https://d2lnr5mha7bycj.cloudfront.net/product-image/file/large_1082f0ab-6023-42ac-ac60-059502e3f560.jpg",
   "Image 2": "",
   "Product Link": "https://www.instacart.com/store/items/4518017?source1=aisle&source2=532&source3=532&impressionId=250f128a-4a55-4d83-a357-bb837edd2c9e",
   "FIELD9": ""
 },
 {
   "category": "Pantry",
   "subcategory": "Spreads",
   "name": "SunButter Natural Sunflower Seed Spread\n",
   "price": "6.99",
   "description": "16 oz�",
   "image": "https://d2lnr5mha7bycj.cloudfront.net/product-image/file/large_4b1eedef-b88b-44f4-be1d-abcff832444e.jpg",
   "Image 2": "",
   "Product Link": "https://www.instacart.com/store/items/4538001?source1=aisle&source2=532&source3=532&impressionId=abbd6b02-d1e5-46f7-8cb5-3beb1a6a62e2",
   "FIELD9": ""
 },
 {
   "category": "Pantry",
   "subcategory": "Spreads",
   "name": "Dalmatia Organic Adriatic Fig Spread\n",
   "price": "6.99",
   "description": "",
   "image": "https://d2lnr5mha7bycj.cloudfront.net/product-image/file/large_69fea0fe-0cec-4f67-aa3c-b092593722ac.jpg",
   "Image 2": "",
   "Product Link": "https://www.instacart.com/store/items/21319580?source1=aisle&source2=532&source3=532&impressionId=792b8cf3-3ce9-417b-872e-d1065a815edb",
   "FIELD9": ""
 },
 {
   "category": "Pantry",
   "subcategory": "Spices & Seasonings",
   "name": "365 Sea Salt Fine Crystals",
   "price": "1.69",
   "description": "26.5 oz�",
   "image": "https://d2lnr5mha7bycj.cloudfront.net/product-image/file/large_8549bdcf-53f9-402d-ab46-6ec98c3a41a8.jpg",
   "Image 2": "",
   "Product Link": "https://www.instacart.com/store/items/4488287?source1=aisle&source2=548&source3=548&impressionId=19c12956-0c63-47b2-b3c5-c86aa284dcb0",
   "FIELD9": ""
 },
 {
   "category": "Pantry",
   "subcategory": "Spices & Seasonings",
   "name": "365 Garlic Powder\n",
   "price": "2.99",
   "description": "2.01 oz�",
   "image": "https://d2lnr5mha7bycj.cloudfront.net/product-image/file/large_6426e660-6eff-4444-9c4c-0023b6e4ff4d.jpg",
   "Image 2": "",
   "Product Link": "https://www.instacart.com/store/items/4543353?source1=aisle&source2=548&source3=548&impressionId=7f9bda80-ad74-4318-b6d6-7f1357a29d9e",
   "FIELD9": ""
 },
 {
   "category": "Pantry",
   "subcategory": "Spices & Seasonings",
   "name": "365 Cinnamon Ground\n",
   "price": "2.99",
   "description": "1.23 oz�",
   "image": "https://d2lnr5mha7bycj.cloudfront.net/product-image/file/large_ad2b7e9e-2d93-46c7-ad69-ff197d128411.jpg",
   "Image 2": "",
   "Product Link": "https://www.instacart.com/store/items/4543998?source1=aisle&source2=548&source3=548&impressionId=c5303349-d0f6-484d-91b0-34d0a7ef5ccd",
   "FIELD9": ""
 },
 {
   "category": "Pantry",
   "subcategory": "Spices & Seasonings",
   "name": "365 Oregano\n",
   "price": "2.49",
   "description": "0.32 oz�",
   "image": "https://d2lnr5mha7bycj.cloudfront.net/product-image/file/large_a353e1fc-45a7-4dc0-9e9a-470334a7c1f0.jpg",
   "Image 2": "",
   "Product Link": "https://www.instacart.com/store/items/4543028?source1=aisle&source2=548&source3=548&impressionId=f7ac6cf7-a61d-48e1-af45-932818eedc5d",
   "FIELD9": ""
 },
 {
   "category": "Pantry",
   "subcategory": "Spices & Seasonings",
   "name": "365 Ground Cumin\n",
   "price": "2.99",
   "description": "1.52 oz�",
   "image": "https://d2lnr5mha7bycj.cloudfront.net/product-image/file/large_e3c16cf3-228c-414d-8ad2-de27c90295c7.jpg",
   "Image 2": "",
   "Product Link": "https://www.instacart.com/store/items/4543647?source1=aisle&source2=548&source3=548&impressionId=172dd698-5217-45b0-9860-6f8bae92bc42",
   "FIELD9": ""
 },
 {
   "category": "Pantry",
   "subcategory": "Spices & Seasonings",
   "name": "365 Paprika\n",
   "price": "2.99",
   "description": "1.41 oz�",
   "image": "https://d2lnr5mha7bycj.cloudfront.net/product-image/file/large_b47724a4-7f87-49f8-afcd-ad4357237cfd.jpg",
   "Image 2": "",
   "Product Link": "https://www.instacart.com/store/items/25582491?source1=aisle&source2=548&source3=548&impressionId=ee8c9104-14dd-41db-89e2-77a9578b6a81",
   "FIELD9": ""
 },
 {
   "category": "Pantry",
   "subcategory": "Spices & Seasonings",
   "name": "365 Coarse Sea Salt\n",
   "price": "2",
   "description": "24.7 oz�",
   "image": "https://d2lnr5mha7bycj.cloudfront.net/product-image/file/large_3da13955-d959-42c2-a958-f7d06a70bac6.jpg",
   "Image 2": "",
   "Product Link": "https://www.instacart.com/store/items/4488087?source1=aisle&source2=548&source3=548&impressionId=c3d6c3e8-7b10-49a7-819e-71f22cf740ad",
   "FIELD9": ""
 },
 {
   "category": "Pantry",
   "subcategory": "Spices & Seasonings",
   "name": "365 Chili Powder Blend\n",
   "price": "2.99",
   "description": "2.05 oz�",
   "image": "https://d2lnr5mha7bycj.cloudfront.net/product-image/file/large_b945411a-6b18-47f8-85c7-93baa64f8ff7.jpg",
   "Image 2": "",
   "Product Link": "https://www.instacart.com/store/items/4544006?source1=aisle&source2=548&source3=548&impressionId=6508f0a5-f579-46e3-b1bc-fbea8c9f380d",
   "FIELD9": ""
 },
 {
   "category": "Pantry",
   "subcategory": "Spices & Seasonings",
   "name": "365 Ground Black Pepper\n",
   "price": "2.99",
   "description": "1.8 oz�",
   "image": "https://d2lnr5mha7bycj.cloudfront.net/product-image/file/large_3e3d99a4-4c2b-4654-bf61-c040a113a4f1.jpg",
   "Image 2": "",
   "Product Link": "https://www.instacart.com/store/items/4542968?source1=aisle&source2=548&source3=548&impressionId=cfee3d1d-76cb-4bf4-99a8-8a96c695e82c",
   "FIELD9": ""
 },
 {
   "category": "Pantry",
   "subcategory": "Spices & Seasonings",
   "name": "365 Organic Garlic Powder\n",
   "price": "3.99",
   "description": "2.33 oz�",
   "image": "https://d2lnr5mha7bycj.cloudfront.net/product-image/file/large_97a1672b-d887-41b0-8480-1271937e803d.jpg",
   "Image 2": "",
   "Product Link": "https://www.instacart.com/store/items/4535932?source1=aisle&source2=548&source3=548&impressionId=2ed2a7fe-11fa-4d33-bbc0-18fe92000e46",
   "FIELD9": ""
 },
 {
   "category": "Pantry",
   "subcategory": "Spices & Seasonings",
   "name": "365 Onion Powder\n",
   "price": "2.99",
   "description": "2.43 oz�",
   "image": "https://d2lnr5mha7bycj.cloudfront.net/product-image/file/large_3b6b4336-c4ef-4b9d-8dd5-8f0f55b967ba.jpg",
   "Image 2": "",
   "Product Link": "https://www.instacart.com/store/items/4543131?source1=aisle&source2=548&source3=548&impressionId=2947c8ff-1690-4cdc-9170-37a4128ce366",
   "FIELD9": ""
 },
 {
   "category": "Pantry",
   "subcategory": "Spices & Seasonings",
   "name": "365 Organic Ground Cumin\n",
   "price": "3.99",
   "description": "1.59 oz�",
   "image": "https://d2lnr5mha7bycj.cloudfront.net/product-image/file/large_079ec82f-53cf-42a4-ab50-3a0de430cd38.jpg",
   "Image 2": "",
   "Product Link": "https://www.instacart.com/store/items/4536821?source1=aisle&source2=548&source3=548&impressionId=88b099c4-575d-45d8-ae11-09471894eea3",
   "FIELD9": ""
 },
 {
   "category": "Pantry",
   "subcategory": "Spices & Seasonings",
   "name": "365 Organic Onion Powder\n",
   "price": "3.99",
   "description": "1.73 oz�",
   "image": "https://d2lnr5mha7bycj.cloudfront.net/product-image/file/large_022df1b2-8878-44d7-b239-58523febbcb3.jpg",
   "Image 2": "",
   "Product Link": "https://www.instacart.com/store/items/4535164?source1=aisle&source2=548&source3=548&impressionId=9b44db20-2656-45a1-89f3-711fb566d9fe",
   "FIELD9": ""
 },
 {
   "category": "Pantry",
   "subcategory": "Spices & Seasonings",
   "name": "Bragg Premium Nutritional Yeast Seasoning\n",
   "price": "6.49",
   "description": "4.5 oz�",
   "image": "https://d2lnr5mha7bycj.cloudfront.net/product-image/file/large_6d85199e-b73a-493d-b5d4-322e358d39d4.jpg",
   "Image 2": "",
   "Product Link": "https://www.instacart.com/store/items/4519740?source1=aisle&source2=548&source3=548&impressionId=db8bd805-da71-4148-9a57-6496e1d5c090",
   "FIELD9": ""
 },
 {
   "category": "Pantry",
   "subcategory": "Spices & Seasonings",
   "name": "365 Organic Ground Black Pepper\n",
   "price": "3.99",
   "description": "1.8 oz�",
   "image": "https://d2lnr5mha7bycj.cloudfront.net/product-image/file/large_12debc57-0719-4e20-9717-da54c3bc8619.jpg",
   "Image 2": "",
   "Product Link": "https://www.instacart.com/store/items/4534818?source1=aisle&source2=548&source3=548&impressionId=fa0eef5f-6ad1-4aba-a67d-ce3e2bc96184",
   "FIELD9": ""
 },
 {
   "category": "Pantry",
   "subcategory": "Spices & Seasonings",
   "name": "Simply Organic Cinnamon\n",
   "price": "4.99",
   "description": "2.45 oz�",
   "image": "https://d2lnr5mha7bycj.cloudfront.net/product-image/file/large_8625fddb-00f1-45ca-b83b-dcee5217878d.jpg",
   "Image 2": "",
   "Product Link": "https://www.instacart.com/store/items/4461240?source1=aisle&source2=548&source3=548&impressionId=9c660392-389f-462f-850f-9aa54f1e7d36",
   "FIELD9": ""
 },
 {
   "category": "Pantry",
   "subcategory": "Spices & Seasonings",
   "name": "365 Organic Bay Leaves\n",
   "price": "3.99",
   "description": "0.15 oz�",
   "image": "https://d2lnr5mha7bycj.cloudfront.net/product-image/file/large_30fe88f0-a0b8-4a20-a482-cc2fdd05d992.jpg",
   "Image 2": "",
   "Product Link": "https://www.instacart.com/store/items/4538589?source1=aisle&source2=548&source3=548&impressionId=2c20c6ca-4a0e-4896-96d0-55dbb66b9a11",
   "FIELD9": ""
 },
 {
   "category": "Pantry",
   "subcategory": "Spices & Seasonings",
   "name": "365 Organic Turmeric\n",
   "price": "3.99",
   "description": "1.41 oz�",
   "image": "https://d2lnr5mha7bycj.cloudfront.net/product-image/file/large_b041944c-8312-42c7-9af0-3d3ea778e279.jpg",
   "Image 2": "",
   "Product Link": "https://www.instacart.com/store/items/4533488?source1=aisle&source2=548&source3=548&impressionId=75f85d26-c811-4881-95dd-e603345a2f52",
   "FIELD9": ""
 },
 {
   "category": "Pantry",
   "subcategory": "Spices & Seasonings",
   "name": "365 Crushed Red Peppers\n",
   "price": "3.99",
   "description": ".99 oz�",
   "image": "https://d2lnr5mha7bycj.cloudfront.net/product-image/file/large_2ca94946-c214-413d-a501-ae0231ca0972.jpg",
   "Image 2": "",
   "Product Link": "https://www.instacart.com/store/items/4542602?source1=aisle&source2=548&source3=548&impressionId=04c4242a-3fc7-47a0-8f6a-b9bbabce7a04",
   "FIELD9": ""
 },
 {
   "category": "Pantry",
   "subcategory": "Spices & Seasonings",
   "name": "365 Bay Leaves\n",
   "price": "2.99",
   "description": ".15 oz�",
   "image": "https://d2lnr5mha7bycj.cloudfront.net/product-image/file/large_518718c3-31f2-4aae-b4a5-e3cded1eb3e5.jpg",
   "Image 2": "",
   "Product Link": "https://www.instacart.com/store/items/4544266?source1=aisle&source2=548&source3=548&impressionId=e281c3d9-1985-4dad-95f5-d2bfd7afc2f5",
   "FIELD9": ""
 },
 {
   "category": "Pantry",
   "subcategory": "Salad Dressing & Toppings\n",
   "name": "Organic Girl Salad Love White Cheddar Vinaigrette",
   "price": "5.99",
   "description": "8 fl oz�",
   "image": "https://d2lnr5mha7bycj.cloudfront.net/product-image/file/large_013de50c-0af9-4115-a34c-f56d4eddd722.jpg",
   "Image 2": "",
   "Product Link": "https://www.instacart.com/store/items/12932597?source1=aisle&source2=525&source3=525&impressionId=aa62a789-f389-4606-b336-f54c8fd1b911",
   "FIELD9": ""
 },
 {
   "category": "Pantry",
   "subcategory": "Salad Dressing & Toppings\n",
   "name": "Organic Girl Organic Salad Love Lemon Agave Vinaigrette\n",
   "price": "5.99",
   "description": "8 fl oz�",
   "image": "https://d2lnr5mha7bycj.cloudfront.net/product-image/file/large_b5a321af-5058-4061-933d-5e9dba3445e4.jpg",
   "Image 2": "",
   "Product Link": "https://www.instacart.com/store/items/12937060?source1=aisle&source2=525&source3=525&impressionId=b242878a-c3ee-42ec-876a-9ecdaa3a50cc",
   "FIELD9": ""
 },
 {
   "category": "Pantry",
   "subcategory": "Salad Dressing & Toppings\n",
   "name": "365 Seasoned Croutons\n",
   "price": "2.69",
   "description": "4.5 oz�",
   "image": "https://d2lnr5mha7bycj.cloudfront.net/product-image/file/large_dca64231-d473-4843-a243-211eb6f40d3e.jpg",
   "Image 2": "",
   "Product Link": "https://www.instacart.com/store/items/4480432?source1=aisle&source2=525&source3=525&impressionId=78b09d66-192c-47d5-80d9-776ed550324b",
   "FIELD9": ""
 },
 {
   "category": "Pantry",
   "subcategory": "Salad Dressing & Toppings\n",
   "name": "365 Organic Caesar Croutons\n",
   "price": "2.69",
   "description": "4.5 oz�",
   "image": "https://d2lnr5mha7bycj.cloudfront.net/product-image/file/large_319047de-f5e7-4f8e-8155-20545cb88415.jpg",
   "Image 2": "",
   "Product Link": "https://www.instacart.com/store/items/4480523?source1=aisle&source2=525&source3=525&impressionId=8519da35-4ab2-4efc-82d3-44e901b46a92",
   "FIELD9": ""
 },
 {
   "category": "Pantry",
   "subcategory": "Salad Dressing & Toppings\n",
   "name": "365 Organic Buttermilk Ranch Dressing\n",
   "price": "4.99",
   "description": "12 fl oz�",
   "image": "https://d2lnr5mha7bycj.cloudfront.net/product-image/file/large_11b14899-f72f-4fe9-9691-7c2b3bd9d1fe.jpg",
   "Image 2": "",
   "Product Link": "https://www.instacart.com/store/items/21952473?source1=aisle&source2=525&source3=525&impressionId=495c4dd2-058c-4be4-85d6-0b96988ff856",
   "FIELD9": ""
 },
 {
   "category": "Pantry",
   "subcategory": "Salad Dressing & Toppings\n",
   "name": "365 Medium Pitted Black Olives\n",
   "price": "2",
   "description": "6 oz�",
   "image": "https://d2lnr5mha7bycj.cloudfront.net/product-image/file/large_59524795-66db-4635-841e-82bd4b46e46a.jpg",
   "Image 2": "",
   "Product Link": "https://www.instacart.com/store/items/4486261?source1=aisle&source2=525&source3=525&impressionId=17494fd6-bcec-4a57-a766-1cc47acb8fff",
   "FIELD9": ""
 },
 {
   "category": "Pantry",
   "subcategory": "Salad Dressing & Toppings\n",
   "name": "365 Organics Organic Ranch Dressing",
   "price": "3.99",
   "description": "16 fl oz�",
   "image": "https://d2lnr5mha7bycj.cloudfront.net/product-image/file/large_6d9e4bda-d894-4665-bf4d-69d6f4d76b85.jpg",
   "Image 2": "",
   "Product Link": "https://www.instacart.com/store/items/4541843?source1=aisle&source2=525&source3=525&impressionId=a44b237c-e9bd-4772-b1b9-ec1bbf4b16d0",
   "FIELD9": ""
 },
 {
   "category": "Pantry",
   "subcategory": "Salad Dressing & Toppings\n",
   "name": "365 Organic Balsamic Vinaigrette\n",
   "price": "3.99",
   "description": "16 fl oz�",
   "image": "https://d2lnr5mha7bycj.cloudfront.net/product-image/file/large_62b84aae-5586-48db-92a1-de3a89482068.jpg",
   "Image 2": "",
   "Product Link": "https://www.instacart.com/store/items/4542441?source1=aisle&source2=525&source3=525&impressionId=a3cddff0-c483-4da7-b4c2-1460f3808b15",
   "FIELD9": ""
 },
 {
   "category": "Pantry",
   "subcategory": "Salad Dressing & Toppings\n",
   "name": "365 Organic Lemon Tahini Dressing\n",
   "price": "2.99",
   "description": "8 fl oz�",
   "image": "https://d2lnr5mha7bycj.cloudfront.net/product-image/file/large_b1403d4c-0215-4088-9f31-8c4d9ccc737a.jpg",
   "Image 2": "",
   "Product Link": "https://www.instacart.com/store/items/4530783?source1=aisle&source2=525&source3=525&impressionId=fedf7f90-ee7e-4928-ad10-9f42a3dd28d3",
   "FIELD9": ""
 },
 {
   "category": "Pantry",
   "subcategory": "Salad Dressing & Toppings\n",
   "name": "Brianna's Real French Vinaigrette Dressing\n",
   "price": "3.69",
   "description": "12 oz�",
   "image": "https://d2lnr5mha7bycj.cloudfront.net/product-image/file/large_2718e1e0-53b1-4a8a-95f2-cdd82fd65a96.jpg",
   "Image 2": "",
   "Product Link": "https://www.instacart.com/store/items/18942826?source1=aisle&source2=525&source3=525&impressionId=9deb2f1f-33da-495d-a653-58ac4a956d35",
   "FIELD9": ""
 },
 {
   "category": "Pantry",
   "subcategory": "Salad Dressing & Toppings\n",
   "name": "365 Organic Italian Dressing\n",
   "price": "2.99",
   "description": "16 fl oz�",
   "image": "https://d2lnr5mha7bycj.cloudfront.net/product-image/file/large_c84b4295-41d7-4010-9706-23d4d653628f.jpg",
   "Image 2": "",
   "Product Link": "https://www.instacart.com/store/items/4542244?source1=aisle&source2=525&source3=525&impressionId=b66eef60-2d89-4121-b4fc-92ed72d586bf",
   "FIELD9": ""
 },
 {
   "category": "Pantry",
   "subcategory": "Salad Dressing & Toppings\n",
   "name": "365 Organic Chunky Blue Cheese Dressing\n",
   "price": "4.99",
   "description": "12 fl oz�",
   "image": "https://d2lnr5mha7bycj.cloudfront.net/product-image/file/large_24c47d9b-5fef-4c6c-bb33-44f4d0b02519.jpg",
   "Image 2": "",
   "Product Link": "https://www.instacart.com/store/items/4460053?source1=aisle&source2=525&source3=525&impressionId=69c98143-2349-4db6-b8c0-baaac9296be7",
   "FIELD9": ""
 },
 {
   "category": "Pantry",
   "subcategory": "Salad Dressing & Toppings\n",
   "name": "365 Organic Sweet Carrot Ginger Miso Dressing\n",
   "price": "4.99",
   "description": "12 fl oz�",
   "image": "https://d2lnr5mha7bycj.cloudfront.net/product-image/file/large_200457c1-e591-4669-b60d-47ae33fa2007.jpg",
   "Image 2": "",
   "Product Link": "https://www.instacart.com/store/items/24627387?source1=aisle&source2=525&source3=525&impressionId=a35db789-0fe3-4393-bca5-bfb80187e993",
   "FIELD9": ""
 },
 {
   "category": "Pantry",
   "subcategory": "Salad Dressing & Toppings\n",
   "name": "365 Organic Cheese & Garlic Croutons\n",
   "price": "2.69",
   "description": "4.5 oz�",
   "image": "https://d2lnr5mha7bycj.cloudfront.net/product-image/file/large_7bbcea95-c473-4c73-b9f4-78816e0e0108.jpg",
   "Image 2": "",
   "Product Link": "https://www.instacart.com/store/items/4480149?source1=aisle&source2=525&source3=525&impressionId=89a0a62d-bd3d-423a-8507-e027b7ce02d3",
   "FIELD9": ""
 },
 {
   "category": "Pantry",
   "subcategory": "Salad Dressing & Toppings\n",
   "name": "365 Organic Garlic & ButterCroutons\n",
   "price": "2.69",
   "description": "4.5 oz�",
   "image": "https://d2lnr5mha7bycj.cloudfront.net/product-image/file/large_8d2b5862-3db9-4070-ae5d-94d211d173b7.jpg",
   "Image 2": "",
   "Product Link": "https://www.instacart.com/store/items/4480276?source1=aisle&source2=525&source3=525&impressionId=d2dfbeef-614a-496a-8b18-4a10d895836c",
   "FIELD9": ""
 },
 {
   "category": "Pantry",
   "subcategory": "Salad Dressing & Toppings\n",
   "name": "Brianna's Home Style Rich Poppy Seed Dressing\n",
   "price": "3.69",
   "description": "12 fl oz�",
   "image": "https://d2lnr5mha7bycj.cloudfront.net/product-image/file/large_7a0f04d7-f8e8-401b-a74b-d58485562ae0.jpg",
   "Image 2": "",
   "Product Link": "https://www.instacart.com/store/items/4459647?source1=aisle&source2=525&source3=525&impressionId=0d28684b-c4bf-4a63-8efd-533e71bac80f",
   "FIELD9": ""
 },
 {
   "category": "Pantry",
   "subcategory": "Salad Dressing & Toppings\n",
   "name": "365 Organic Creamy Caesar Dressing\n",
   "price": "4.99",
   "description": "12 fl oz�",
   "image": "https://d2lnr5mha7bycj.cloudfront.net/product-image/file/large_dc1da7c7-e110-48ea-bf13-90a5bad87deb.jpg",
   "Image 2": "",
   "Product Link": "https://www.instacart.com/store/items/22352560?source1=aisle&source2=525&source3=525&impressionId=e8455ede-4df9-42cc-9ef1-0b1f3bd0050a",
   "FIELD9": ""
 },
 {
   "category": "Pantry",
   "subcategory": "Salad Dressing & Toppings\n",
   "name": "365 Organic Light Ranch Dressing\n",
   "price": "3.99",
   "description": "16 fl oz�",
   "image": "https://d2lnr5mha7bycj.cloudfront.net/product-image/file/large_029e250d-3be8-44ed-9172-56e1e3f596b3.jpg",
   "Image 2": "",
   "Product Link": "https://www.instacart.com/store/items/4541814?source1=aisle&source2=525&source3=525&impressionId=2eaafbf8-7338-44db-b571-2ec5c81bd699",
   "FIELD9": ""
 },
 {
   "category": "Pantry",
   "subcategory": "Salad Dressing & Toppings\n",
   "name": "Gold's Prepared Horseradish\n",
   "price": "2.99",
   "description": "6.0 oz�",
   "image": "https://d2lnr5mha7bycj.cloudfront.net/product-image/file/large_4d6338a3-de6c-46da-80fe-bed7a096bce4.jpg",
   "Image 2": "",
   "Product Link": "https://www.instacart.com/store/items/4502957?source1=aisle&source2=525&source3=525&impressionId=884a5801-e132-4b03-8497-7069b168c11d",
   "FIELD9": ""
 },
 {
   "category": "Pantry",
   "subcategory": "Salad Dressing & Toppings\n",
   "name": "Newman's Own Lighten Up! Light Balsamic Vinaigrette\n",
   "price": "5.99",
   "description": "16 fl oz�",
   "image": "https://d2lnr5mha7bycj.cloudfront.net/product-image/file/large_3945bc7b-3246-46bd-828a-7d2b14a3c8c5.jpg",
   "Image 2": "",
   "Product Link": "https://www.instacart.com/store/items/4518993?source1=aisle&source2=525&source3=525&impressionId=88eed66e-075a-4919-981a-b6ff1f8c12fe",
   "FIELD9": ""
 },
 {
   "category": "Pantry",
   "subcategory": "Oils & Vinegars\n",
   "name": "365 Organic Unrefined Virgin Coconut Oil\n",
   "price": "6.99",
   "description": "14 fl oz�",
   "image": "https://d2lnr5mha7bycj.cloudfront.net/product-image/file/large_09f48938-057f-47b5-89ae-0ea485070521.jpg",
   "Image 2": "",
   "Product Link": "https://www.instacart.com/store/items/4522991?source1=aisle&source2=524&source3=524&impressionId=935e543c-a617-46d3-8b7d-f3015a7dba14",
   "FIELD9": ""
 },
 {
   "category": "Pantry",
   "subcategory": "Oils & Vinegars\n",
   "name": "365 Mediterranean Blend Extra Virgin Olive Oil\n",
   "price": "6.99",
   "description": "1 liter�",
   "image": "https://d2lnr5mha7bycj.cloudfront.net/product-image/file/large_0e93679e-ee9a-4273-ad91-b89cf6e1c0a8.jpg",
   "Image 2": "",
   "Product Link": "https://www.instacart.com/store/items/4572996?source1=aisle&source2=524&source3=524&impressionId=7738a8dd-855c-4467-bf1b-76b992a0b7dc",
   "FIELD9": ""
 },
 {
   "category": "Pantry",
   "subcategory": "Oils & Vinegars\n",
   "name": "365 Italian Extra Virgin Olive Oil\n",
   "price": "9.99",
   "description": "33.8 fl oz�",
   "image": "https://d2lnr5mha7bycj.cloudfront.net/product-image/file/large_d26881fc-45c3-45d9-bfdd-bdd8f4a40940.jpg",
   "Image 2": "",
   "Product Link": "https://www.instacart.com/store/items/4476897?source1=aisle&source2=524&source3=524&impressionId=3f631bca-1721-40c2-8383-8ac8f0a51e38",
   "FIELD9": ""
 },
 {
   "category": "Pantry",
   "subcategory": "Oils & Vinegars\n",
   "name": "365 Organic Extra Virgin Olive Oil Non-Stick Cooking Spray\n",
   "price": "4.99",
   "description": "5 fl oz�",
   "image": "https://d2lnr5mha7bycj.cloudfront.net/product-image/file/large_f5deb4b9-4c4e-499c-ac84-2322114a30bd.jpg",
   "Image 2": "",
   "Product Link": "https://www.instacart.com/store/items/4507628?source1=aisle&source2=524&source3=524&impressionId=cc9ee972-7de0-431b-8322-0f09bf14ecfc",
   "FIELD9": ""
 },
 {
   "category": "Pantry",
   "subcategory": "Oils & Vinegars\n",
   "name": "365 Canola Oil\n",
   "price": "3.79",
   "description": "1 l�",
   "image": "https://d2lnr5mha7bycj.cloudfront.net/product-image/file/large_8e7c4f97-1cc8-48a4-af59-1e52a9b2c9ad.jpg",
   "Image 2": "",
   "Product Link": "https://www.instacart.com/store/items/4579200?source1=aisle&source2=524&source3=524&impressionId=48e00eef-4557-4f25-a288-0c3fcf66c46c",
   "FIELD9": ""
 },
 {
   "category": "Pantry",
   "subcategory": "Oils & Vinegars\n",
   "name": "Bragg Organic Raw Unfiltered Apple Cider Vinegar\n",
   "price": "3.99",
   "description": "16 oz�",
   "image": "https://d2lnr5mha7bycj.cloudfront.net/product-image/file/large_78274e8f-4547-4536-b03b-94d8e90dd422.jpg",
   "Image 2": "",
   "Product Link": "https://www.instacart.com/store/items/4478305?source1=aisle&source2=524&source3=524&impressionId=46ba72a6-407e-465e-82c9-b01d5c4be8ca",
   "FIELD9": ""
 },
 {
   "category": "Pantry",
   "subcategory": "Oils & Vinegars\n",
   "name": "365 Organic Balsamic Vinegar Of Modena\n",
   "price": "5.99",
   "description": "16.9 fl oz�",
   "image": "https://d2lnr5mha7bycj.cloudfront.net/product-image/file/large_30887e99-5fd2-4359-b3c9-fe27b36875bf.jpg",
   "Image 2": "",
   "Product Link": "https://www.instacart.com/store/items/4543675?source1=aisle&source2=524&source3=524&impressionId=1fc7f911-34f0-4c96-94f6-39f66498cb95",
   "FIELD9": ""
 },
 {
   "category": "Pantry",
   "subcategory": "Oils & Vinegars\n",
   "name": "California Olive Ranch Everyday Extra Virgin Olive Oil\n",
   "price": "14.99",
   "description": "25.4 fl oz�",
   "image": "https://d2lnr5mha7bycj.cloudfront.net/product-image/file/large_2c3b1037-f5d7-4645-a27c-795d7d34790a.jpg",
   "Image 2": "",
   "Product Link": "https://www.instacart.com/store/items/4538843?source1=aisle&source2=524&source3=524&impressionId=d205234e-9d06-4922-92f3-202cc0eb8a77",
   "FIELD9": ""
 },
 {
   "category": "Pantry",
   "subcategory": "Oils & Vinegars\n",
   "name": "365 Italian Extra Virgin Olive Oil\n",
   "price": "5.99",
   "description": "16.9 fl oz�",
   "image": "https://d2lnr5mha7bycj.cloudfront.net/product-image/file/large_c7205497-4007-4bb4-94dd-a3bfe489c822.jpg",
   "Image 2": "",
   "Product Link": "https://www.instacart.com/store/items/4544628?source1=aisle&source2=524&source3=524&impressionId=ff52be23-e764-4413-9ab4-c78fb248eaca",
   "FIELD9": ""
 },
 {
   "category": "Pantry",
   "subcategory": "Oils & Vinegars\n",
   "name": "365 Organic Distilled White Vinegar\n",
   "price": "3.99",
   "description": "64 fl oz�",
   "image": "https://d2lnr5mha7bycj.cloudfront.net/product-image/file/large_5f6898db-e2d7-4e15-8a02-d43a232351a2.jpg",
   "Image 2": "",
   "Product Link": "https://www.instacart.com/store/items/21832727?source1=aisle&source2=524&source3=524&impressionId=c89fb08b-bfa6-4aa4-9e6d-accf8b4d697e",
   "FIELD9": ""
 },
 {
   "category": "Pantry",
   "subcategory": "Oils & Vinegars\n",
   "name": "365 Organic Mediterranean Extra Virgin Olive Oil\n",
   "price": "12.99",
   "description": "1 l�",
   "image": "https://d2lnr5mha7bycj.cloudfront.net/product-image/file/large_678e87fa-fd82-4171-9a9e-5c22dc7d5f61.jpg",
   "Image 2": "",
   "Product Link": "https://www.instacart.com/store/items/21730977?source1=aisle&source2=524&source3=524&impressionId=1c3a5936-192e-45ec-96df-d2744652a657",
   "FIELD9": ""
 },
 {
   "category": "Pantry",
   "subcategory": "Oils & Vinegars\n",
   "name": "365 Toasted Sesame Seed Oil\n",
   "price": "3.99",
   "description": "8.4 fl oz�",
   "image": "https://d2lnr5mha7bycj.cloudfront.net/product-image/file/large_09938ca0-fd85-4225-a111-824e3b231993.jpg",
   "Image 2": "",
   "Product Link": "https://www.instacart.com/store/items/4526043?source1=aisle&source2=524&source3=524&impressionId=9460f9a7-8179-4aa3-958d-1e3787fb6a3c",
   "FIELD9": ""
 },
 {
   "category": "Pantry",
   "subcategory": "Oils & Vinegars\n",
   "name": "Bragg Organic Apple Cider Vinegar Raw Unfiltered\n",
   "price": "6.49",
   "description": "32 fl oz�",
   "image": "https://d2lnr5mha7bycj.cloudfront.net/product-image/file/large_2274c86a-087d-4947-9c28-1efaaf71be86.jpg",
   "Image 2": "",
   "Product Link": "https://www.instacart.com/store/items/21697282?source1=aisle&source2=524&source3=524&impressionId=aeb853d3-f3d5-46c1-8e58-d80931446a09",
   "FIELD9": ""
 },
 {
   "category": "Pantry",
   "subcategory": "Oils & Vinegars\n",
   "name": "365 Organic Distilled White Vinegar\n",
   "price": "2.39",
   "description": "32 fl oz�",
   "image": "https://d2lnr5mha7bycj.cloudfront.net/product-image/file/large_d205f7c0-f1d8-419a-b575-638cdd36b0c4.jpg",
   "Image 2": "",
   "Product Link": "https://www.instacart.com/store/items/4526988?source1=aisle&source2=524&source3=524&impressionId=1c4586a2-bcf4-46cf-901d-d3933617c334",
   "FIELD9": ""
 },
 {
   "category": "Pantry",
   "subcategory": "Oils & Vinegars\n",
   "name": "California Olive Ranch Everyday Extra Virgin Olive Oil\n",
   "price": "9.99",
   "description": "16.9 fl oz�",
   "image": "https://d2lnr5mha7bycj.cloudfront.net/product-image/file/large_8fb3a9dc-a33e-460d-9e65-541d89931d57.jpeg",
   "Image 2": "",
   "Product Link": "https://www.instacart.com/store/items/21210089?source1=aisle&source2=524&source3=524&impressionId=a1ac90b1-b329-47cf-961f-9250c3b344fe",
   "FIELD9": ""
 },
 {
   "category": "Pantry",
   "subcategory": "Oils & Vinegars\n",
   "name": "365 Organic Canola Oil\n",
   "price": "3.99",
   "description": "16.9 fl oz�",
   "image": "https://d2lnr5mha7bycj.cloudfront.net/product-image/file/large_9478d42f-5502-4746-a971-326d2502ed7c.jpg",
   "Image 2": "",
   "Product Link": "https://www.instacart.com/store/items/24776069?source1=aisle&source2=524&source3=524&impressionId=55243b0c-e7db-47df-a83a-8c67e9a8cd91",
   "FIELD9": ""
 },
 {
   "category": "Pantry",
   "subcategory": "Oils & Vinegars\n",
   "name": "365 Organic Refined Coconut Oil\n",
   "price": "5.99\n",
   "description": "14 fl oz ",
   "image": "https://d2lnr5mha7bycj.cloudfront.net/product-image/file/large_3ca35692-67fa-45a7-ae7c-7bac94bd3200.jpg",
   "Image 2": "",
   "Product Link": "https://www.instacart.com/store/items/4544121?source1=aisle&source2=524&source3=524&impressionId=029d7efd-f8c1-463e-93eb-028f00ee27c1",
   "FIELD9": ""
 },
 {
   "category": "Pantry",
   "subcategory": "Oils & Vinegars\n",
   "name": "California Olive Ranch Everyday Extra Virgin Olive Oil\n",
   "price": "19.99",
   "description": "1 liter�",
   "image": "https://d2lnr5mha7bycj.cloudfront.net/product-image/file/large_96452d50-f98e-4912-ba64-983217ff3a45.jpg",
   "Image 2": "",
   "Product Link": "https://www.instacart.com/store/items/4508850?source1=aisle&source2=524&source3=524&impressionId=3ab1c092-b4e5-4a8d-9a50-769f8d494aec",
   "FIELD9": ""
 },
 {
   "category": "Pantry",
   "subcategory": "Oils & Vinegars\n",
   "name": "365 Organic Sesame Seed Oil\n",
   "price": "4.29",
   "description": "8.4 fl oz�",
   "image": "https://d2lnr5mha7bycj.cloudfront.net/product-image/file/large_1b79f251-ac13-493a-bc9a-3cb686a275e0.jpg",
   "Image 2": "",
   "Product Link": "https://www.instacart.com/store/items/4525848?source1=aisle&source2=524&source3=524&impressionId=a747ec1a-858a-4631-9f06-e4223231a938",
   "FIELD9": ""
 },
 {
   "category": "Pantry",
   "subcategory": "Oils & Vinegars\n",
   "name": "365 Organic Mediterranean Blend Extra Virgin Olive Oil\n",
   "price": "7.99",
   "description": "500 ml�",
   "image": "https://d2lnr5mha7bycj.cloudfront.net/product-image/file/large_3afcfa35-fa54-4098-99d7-7f37323cb41c.jpg",
   "Image 2": "",
   "Product Link": "https://www.instacart.com/store/items/22343566?source1=aisle&source2=524&source3=524&impressionId=ee9f4f3b-ac47-4b48-ab3c-b24bf11720be",
   "FIELD9": ""
 },
 {
   "category": "Pantry",
   "subcategory": "Pickled Goods & Olives",
   "name": "365 Sliced Black Olives",
   "price": "1.59",
   "description": "2.25 oz�",
   "image": "https://d2lnr5mha7bycj.cloudfront.net/product-image/file/large_a16ee366-7cd0-4342-8ffb-86fc70bd9a1a.jpg",
   "Image 2": "",
   "Product Link": "https://www.instacart.com/store/items/4486101?source1=aisle&source2=3624&source3=3624&impressionId=2768d27a-6d3f-4924-9cd6-72427b976773",
   "FIELD9": ""
 },
 {
   "category": "Pantry",
   "subcategory": "Pickled Goods & Olives",
   "name": "365 Organic Capers Non Pareil\n",
   "price": "2.69",
   "description": "2 oz�",
   "image": "https://d2lnr5mha7bycj.cloudfront.net/product-image/file/large_8e512d80-b509-4a2a-a108-133ad342b915.jpg",
   "Image 2": "",
   "Product Link": "https://www.instacart.com/store/items/29442463?source1=aisle&source2=3624&source3=3624&impressionId=b424b795-0767-43d9-87ac-34e52da1166d",
   "FIELD9": ""
 },
 {
   "category": "Pantry",
   "subcategory": "Pickled Goods & Olives",
   "name": "365 Organic Kosher Dill Pickles\n",
   "price": "4.69",
   "description": "24 fl oz�",
   "image": "https://d2lnr5mha7bycj.cloudfront.net/product-image/file/large_8eda41ba-7aa1-47ba-9a47-63f2c37ed5af.jpg",
   "Image 2": "",
   "Product Link": "https://www.instacart.com/store/items/4488019?source1=aisle&source2=3624&source3=3624&impressionId=34846f47-1367-44a7-9ce5-8d99bd6484f1",
   "FIELD9": ""
 },
 {
   "category": "Pantry",
   "subcategory": "Pickled Goods & Olives",
   "name": "365 Organic Kalamata Pitted Olives\n",
   "price": "3.29",
   "description": "4.6 oz�",
   "image": "https://d2lnr5mha7bycj.cloudfront.net/product-image/file/large_8786055f-ad77-4b19-b9f0-053f62353143.jpg",
   "Image 2": "",
   "Product Link": "https://www.instacart.com/store/items/29632586?source1=aisle&source2=3624&source3=3624&impressionId=c35d4454-3429-40d2-a15b-d57ebe660ec2",
   "FIELD9": ""
 },
 {
   "category": "Pantry",
   "subcategory": "Pickled Goods & Olives",
   "name": "Whole Foods Market Olive Bar\n",
   "price": "10.99",
   "description": "lb",
   "image": "https://d2lnr5mha7bycj.cloudfront.net/product-image/file/large_1862967f-0050-4b62-ac2a-8b41699f1d03.jpg",
   "Image 2": "",
   "Product Link": "https://www.instacart.com/store/items/4592406?source1=aisle&source2=3624&source3=3624&impressionId=68a4dbb5-f101-41b7-927b-2338336f3e78",
   "FIELD9": ""
 },
 {
   "category": "Pantry",
   "subcategory": "Pickled Goods & Olives",
   "name": "365 Organic Kosher Baby Dills\n",
   "price": "3.99",
   "description": "16 fl oz�",
   "image": "https://d2lnr5mha7bycj.cloudfront.net/product-image/file/large_f8ace675-b2ea-4856-a533-db55455a568f.jpg",
   "Image 2": "",
   "Product Link": "https://www.instacart.com/store/items/4488074?source1=aisle&source2=3624&source3=3624&impressionId=ad346575-4f09-409c-8fd5-689401e3cd22",
   "FIELD9": ""
 },
 {
   "category": "Pantry",
   "subcategory": "Pickled Goods & Olives",
   "name": "365 Fresh Kosher Spear Pickles\n",
   "price": "3.99",
   "description": "24 fl oz�",
   "image": "https://d2lnr5mha7bycj.cloudfront.net/product-image/file/large_9bf74f8e-8156-40ac-8ee4-46f34413e538.jpg",
   "Image 2": "",
   "Product Link": "https://www.instacart.com/store/items/4475961?source1=aisle&source2=3624&source3=3624&impressionId=3a529c7a-106e-489a-8b6c-a431b17a1b61",
   "FIELD9": ""
 },
 {
   "category": "Pantry",
   "subcategory": "Pickled Goods & Olives",
   "name": "365 Ripe Large Pitted Olives\n",
   "price": "2",
   "description": "6 oz�",
   "image": "https://d2lnr5mha7bycj.cloudfront.net/product-image/file/large_9c6690cb-f3a8-4f84-98c7-5a2980db7205.jpg",
   "Image 2": "",
   "Product Link": "https://www.instacart.com/store/items/4486211?source1=aisle&source2=3624&source3=3624&impressionId=c9f6da1f-773b-4f7f-a200-13d50062000e",
   "FIELD9": ""
 },
 {
   "category": "Pantry",
   "subcategory": "Pickled Goods & Olives",
   "name": "365 Cornichons Extra Fine\n",
   "price": "3.39",
   "description": "11.6 oz�",
   "image": "https://d2lnr5mha7bycj.cloudfront.net/product-image/file/large_f36cab24-8a7c-4052-8a36-7898ea4f154d.jpg",
   "Image 2": "",
   "Product Link": "https://www.instacart.com/store/items/26884226?source1=aisle&source2=3624&source3=3624&impressionId=aa1628f4-2a8b-47d9-8f1c-5817024bf90c",
   "FIELD9": ""
 },
 {
   "category": "Pantry",
   "subcategory": "Pickled Goods & Olives",
   "name": "365 Organic Sauerkraut\n",
   "price": "3.99",
   "description": "32 fl oz�",
   "image": "https://d2lnr5mha7bycj.cloudfront.net/product-image/file/large_33ef2e17-3085-49c9-a78f-cf039207e597.jpg",
   "Image 2": "",
   "Product Link": "https://www.instacart.com/store/items/4475948?source1=aisle&source2=3624&source3=3624&impressionId=b0d65643-2c38-4d51-a30c-ce0bdfcb71ff",
   "FIELD9": ""
 },
 {
   "category": "Pantry",
   "subcategory": "Pickled Goods & Olives",
   "name": "Mediterranean Organics Wild Non-Pareil Capers\n",
   "price": "3.99",
   "description": "3.5 oz�",
   "image": "https://d2lnr5mha7bycj.cloudfront.net/product-image/file/large_80cc5133-e20f-4f37-9852-42dfcd81f961.jpg",
   "Image 2": "",
   "Product Link": "https://www.instacart.com/store/items/4539192?source1=aisle&source2=3624&source3=3624&impressionId=ed807f73-233b-4b26-a0fb-0141a506d1f9",
   "FIELD9": ""
 },
 {
   "category": "Pantry",
   "subcategory": "Pickled Goods & Olives",
   "name": "365 Whole Hearts Of Palm\n",
   "price": "2.99",
   "description": "14.1 oz�",
   "image": "https://d2lnr5mha7bycj.cloudfront.net/product-image/file/large_6ae4b2d6-d8ef-41c6-b2e7-8b2144c784b7.jpg",
   "Image 2": "",
   "Product Link": "https://www.instacart.com/store/items/26140324?source1=aisle&source2=3624&source3=3624&impressionId=841a9b65-ed41-46c8-87c8-2414a96b9ff6",
   "FIELD9": ""
 },
 {
   "category": "Pantry",
   "subcategory": "Pickled Goods & Olives",
   "name": "Divina Organic Pitted Kalamata Olives\n",
   "price": "5.49",
   "description": "10.2 oz�",
   "image": "https://d2lnr5mha7bycj.cloudfront.net/product-image/file/large_d89d5a72-2f45-4dd5-82dd-0cead4e61fa8.jpg",
   "Image 2": "",
   "Product Link": "https://www.instacart.com/store/items/4519684?source1=aisle&source2=3624&source3=3624&impressionId=f03e7551-6894-4131-ace3-e397d91c49b0",
   "FIELD9": ""
 },
 {
   "category": "Pantry",
   "subcategory": "Pickled Goods & Olives",
   "name": "365 Organic Bread And Butter Pickle Chips\n",
   "price": "3.89",
   "description": "24 fl oz�",
   "image": "https://d2lnr5mha7bycj.cloudfront.net/product-image/file/large_3194f191-9c13-463b-9717-33e5be4a48a0.jpg",
   "Image 2": "",
   "Product Link": "https://www.instacart.com/store/items/4488064?source1=aisle&source2=3624&source3=3624&impressionId=ade18c4f-a8a3-4ce9-b7ca-674906e09c27",
   "FIELD9": ""
 },
 {
   "category": "Pantry",
   "subcategory": "Pickled Goods & Olives",
   "name": "365 Organic Reduced Sodium Kosher Dill Pickles\n",
   "price": "4.69",
   "description": "24 fl oz�",
   "image": "https://d2lnr5mha7bycj.cloudfront.net/product-image/file/large_82922457-6cbf-459c-a2d1-53a303d84f75.jpg",
   "Image 2": "",
   "Product Link": "https://www.instacart.com/store/items/4488045?source1=aisle&source2=3624&source3=3624&impressionId=27a33836-9121-4194-8205-13c863de6330",
   "FIELD9": ""
 },
 {
   "category": "Pantry",
   "subcategory": "Pickled Goods & Olives",
   "name": "Divina Organic Pitted Green Olives\n",
   "price": "4.99",
   "description": "6 oz�",
   "image": "https://d2lnr5mha7bycj.cloudfront.net/product-image/file/large_096eeb9a-c573-4a24-9b93-04d5feb209a0.jpg",
   "Image 2": "",
   "Product Link": "https://www.instacart.com/store/items/4519580?source1=aisle&source2=3624&source3=3624&impressionId=87f4b8ad-92c5-4035-ab11-7a17f1502349",
   "FIELD9": ""
 },
 {
   "category": "Pantry",
   "subcategory": "Pickled Goods & Olives",
   "name": "365 Ripe Green Pitted Olives\n",
   "price": "2.49",
   "description": "6 oz \n",
   "image": "https://d2lnr5mha7bycj.cloudfront.net/product-image/file/large_ba1d77c4-ed8c-420b-93ac-265a5c779378.jpg",
   "Image 2": "",
   "Product Link": "https://www.instacart.com/store/items/4486048?source1=aisle&source2=3624&source3=3624&impressionId=a513f3b4-db20-459e-8007-1bef575bb1e7",
   "FIELD9": ""
 },
 {
   "category": "Pantry",
   "subcategory": "Pickled Goods & Olives",
   "name": "365 Kosher Sandwich Slices\n",
   "price": "3.99",
   "description": "16 fl oz�",
   "image": "https://d2lnr5mha7bycj.cloudfront.net/product-image/file/large_56c27b9e-ba87-46ee-8816-27f2cb2d402e.jpg",
   "Image 2": "",
   "Product Link": "https://www.instacart.com/store/items/4476065?source1=aisle&source2=3624&source3=3624&impressionId=bc09d77d-232e-4ed5-962b-890a63330d9d",
   "FIELD9": ""
 },
 {
   "category": "Pantry",
   "subcategory": "Pickled Goods & Olives",
   "name": "365 Organic Green Olives\n",
   "price": "3.29",
   "description": "4.6 oz�",
   "image": "https://d2lnr5mha7bycj.cloudfront.net/product-image/file/large_28fdfa6a-f359-45c9-ace3-49aa4a8ae580.jpg",
   "Image 2": "",
   "Product Link": "https://www.instacart.com/store/items/32207442?source1=aisle&source2=3624&source3=3624&impressionId=8acf3d2b-5a86-4a9d-a26c-84022169fcf5",
   "FIELD9": ""
 },
 {
   "category": "Pantry",
   "subcategory": "Pickled Goods & Olives",
   "name": "Jeff's Naturals Sliced Tamed Jalapeno Peppers\n",
   "price": "2.99",
   "description": "12 fl oz�",
   "image": "https://d2lnr5mha7bycj.cloudfront.net/product-image/file/large_a5fae6ca-399c-4566-8b4e-a13254878b0e.jpg",
   "Image 2": "",
   "Product Link": "https://www.instacart.com/store/items/4539963?source1=aisle&source2=3624&source3=3624&impressionId=6b8f709f-199a-4bed-8654-0a57f3ab617e",
   "FIELD9": ""
 },
 {
   "category": "Pantry",
   "subcategory": "Marinades & Meat Preparation\n",
   "name": "365 Panko Bread Crumbs",
   "price": "2.39",
   "description": "8 oz�",
   "image": "https://d2lnr5mha7bycj.cloudfront.net/product-image/file/large_1fca47d2-5ea4-4173-8b91-3dc3639ddb6c.jpg",
   "Image 2": "",
   "Product Link": "https://www.instacart.com/store/items/13124994?source1=aisle&source2=3632&source3=3632&impressionId=f4e3a465-7704-42ec-a81d-06a2394f5830",
   "FIELD9": ""
 },
 {
   "category": "Pantry",
   "subcategory": "Marinades & Meat Preparation\n",
   "name": "365 Italian Seasoning Bread Crumbs\n",
   "price": "2.99",
   "description": "15 oz�",
   "image": "https://d2lnr5mha7bycj.cloudfront.net/product-image/file/large_661894b7-fa51-4655-abc2-8934df44c4e1.jpg",
   "Image 2": "",
   "Product Link": "https://www.instacart.com/store/items/25652639?source1=aisle&source2=3632&source3=3632&impressionId=a3e2324e-cc0d-4791-9a6d-0db15c8b160d",
   "FIELD9": ""
 },
 {
   "category": "Pantry",
   "subcategory": "Marinades & Meat Preparation\n",
   "name": "Frontera Taco Skillet Sauce Ground Beef With Mild Red Chile + Cumin\n",
   "price": "2.99",
   "description": "8 oz�",
   "image": "https://d2lnr5mha7bycj.cloudfront.net/product-image/file/large_917288bc-d228-47ca-9572-cf73e1885c8e.jpg",
   "Image 2": "",
   "Product Link": "https://www.instacart.com/store/items/4541641?source1=aisle&source2=3632&source3=3632&impressionId=c1248ab2-7361-4474-923e-73487230c360",
   "FIELD9": ""
 },
 {
   "category": "Pantry",
   "subcategory": "Marinades & Meat Preparation\n",
   "name": "365 Organic Hoisin Sauce\n",
   "price": "2.99",
   "description": "10 oz�",
   "image": "https://d2lnr5mha7bycj.cloudfront.net/product-image/file/large_d04fc880-40eb-4f9e-97d1-ecadf86d2b36.jpg",
   "Image 2": "",
   "Product Link": "https://www.instacart.com/store/items/4527528?source1=aisle&source2=3632&source3=3632&impressionId=f0d88d14-e829-4260-8171-98530f1fd5d7",
   "FIELD9": ""
 },
 {
   "category": "Pantry",
   "subcategory": "Marinades & Meat Preparation\n",
   "name": "365 Original BBQ Sauce",
   "price": "2.29",
   "description": "19.5 oz \n",
   "image": "https://d2lnr5mha7bycj.cloudfront.net/product-image/file/large_f63347c0-d5f1-4f9d-b423-31f5f4b2d610.jpg",
   "Image 2": "",
   "Product Link": "https://www.instacart.com/store/items/14900997?source1=aisle&source2=3632&source3=3632&impressionId=9fa0b8cb-52c7-4809-a2a4-585475dd470d",
   "FIELD9": ""
 },
 {
   "category": "Pantry",
   "subcategory": "Marinades & Meat Preparation\n",
   "name": "Soy Vay Veri Veri Teriyaki Marinade & Sauce\n",
   "price": "6.49",
   "description": "21 oz \n",
   "image": "https://d2lnr5mha7bycj.cloudfront.net/product-image/file/large_843cfb68-5f76-4849-8fc7-5bbe62bf78f2.jpg",
   "Image 2": "",
   "Product Link": "https://www.instacart.com/store/items/21754728?source1=aisle&source2=3632&source3=3632&impressionId=816836c8-dbf9-40cf-9efb-2af10e438764",
   "FIELD9": ""
 },
 {
   "category": "Pantry",
   "subcategory": "Marinades & Meat Preparation\n",
   "name": "365 Whole Wheat Bread Crumbs\n",
   "price": "2.99",
   "description": "15 oz�",
   "image": "https://d2lnr5mha7bycj.cloudfront.net/product-image/file/large_89b3c0b6-1052-4dbb-a4d9-94be2305d2dd.jpg",
   "Image 2": "",
   "Product Link": "https://www.instacart.com/store/items/24157460?source1=aisle&source2=3632&source3=3632&impressionId=d866af9f-baba-4a7e-aa07-4cf78de828ca",
   "FIELD9": ""
 },
 {
   "category": "Pantry",
   "subcategory": "Marinades & Meat Preparation\n",
   "name": "Kikkoman Panko Japanese Style Bread Crumbs\n",
   "price": "2.49",
   "description": "8 oz�",
   "image": "https://d2lnr5mha7bycj.cloudfront.net/product-image/file/large_eebd3c9e-d8be-45fe-a0e6-650086f1d854.jpg",
   "Image 2": "",
   "Product Link": "https://www.instacart.com/store/items/4533127?source1=aisle&source2=3632&source3=3632&impressionId=5d09a749-1503-4413-887c-309b7fafd8de",
   "FIELD9": ""
 },
 {
   "category": "Pantry",
   "subcategory": "Marinades & Meat Preparation\n",
   "name": "Maya Kaimal Tikka Masala Mild Indian Simmer Sauce\n",
   "price": "5.99",
   "description": "12.5 oz�",
   "image": "https://d2lnr5mha7bycj.cloudfront.net/product-image/file/large_31d0ba96-05aa-4c57-94b7-6839ebdb6717.jpg",
   "Image 2": "",
   "Product Link": "https://www.instacart.com/store/items/4537968?source1=aisle&source2=3632&source3=3632&impressionId=1b049fc0-e720-468f-a6d4-a6a5f3a0743e",
   "FIELD9": ""
 },
 {
   "category": "Pantry",
   "subcategory": "Marinades & Meat Preparation\n",
   "name": "Red Boat Fish Sauce\n",
   "price": "9.99",
   "description": "8.45 oz�",
   "image": "https://d2lnr5mha7bycj.cloudfront.net/product-image/file/large_47de0a71-ef57-4019-9a83-1e76f06d31af.jpg",
   "Image 2": "",
   "Product Link": "https://www.instacart.com/store/items/4531740?source1=aisle&source2=3632&source3=3632&impressionId=630608ac-07c7-448b-bac0-9cd599c23641",
   "FIELD9": ""
 },
 {
   "category": "Pantry",
   "subcategory": "Marinades & Meat Preparation\n",
   "name": "365 Organic Memphis Madness BBQ Sauce\n",
   "price": "3.99",
   "description": "18.5 oz�",
   "image": "https://d2lnr5mha7bycj.cloudfront.net/product-image/file/large_1ab03ad0-655a-41e9-ad9c-38fdb52e4133.jpg",
   "Image 2": "",
   "Product Link": "https://www.instacart.com/store/items/14007021?source1=aisle&source2=3632&source3=3632&impressionId=9d792cd2-c6ae-41b1-aa25-90d64af401f0",
   "FIELD9": ""
 },
 {
   "category": "Pantry",
   "subcategory": "Marinades & Meat Preparation\n",
   "name": "Stubb's Original Bar BBQ Sauce\n",
   "price": "4.49",
   "description": "18 oz�",
   "image": "https://d2lnr5mha7bycj.cloudfront.net/product-image/file/large_d0f178a6-840e-49a4-8332-6f118d7c4fe4.JPG",
   "Image 2": "",
   "Product Link": "https://www.instacart.com/store/items/21098690?source1=aisle&source2=3632&source3=3632&impressionId=42c2d1a2-270e-4af5-ad00-413f5b56ca5d",
   "FIELD9": ""
 },
 {
   "category": "Pantry",
   "subcategory": "Marinades & Meat Preparation\n",
   "name": "Ian's Gluten Free Panko Breadcrumbs\n",
   "price": "3.99",
   "description": "7.0 oz�",
   "image": "https://d2lnr5mha7bycj.cloudfront.net/product-image/file/large_efd9de4f-b047-460f-9487-c7601c26a228.jpg",
   "Image 2": "",
   "Product Link": "https://www.instacart.com/store/items/4528668?source1=aisle&source2=3632&source3=3632&impressionId=baf65d59-da6d-4cc7-a7c6-8f59585a971c",
   "FIELD9": ""
 },
 {
   "category": "Pantry",
   "subcategory": "Marinades & Meat Preparation\n",
   "name": "Ian's Panko Breadcrumbs Original",
   "price": "3.99",
   "description": "9.0 oz�",
   "image": "https://d2lnr5mha7bycj.cloudfront.net/product-image/file/large_2e68f174-1f8b-4b45-868a-4f6e9c9b90da.jpg",
   "Image 2": "",
   "Product Link": "https://www.instacart.com/store/items/20997965?source1=aisle&source2=3632&source3=3632&impressionId=b450ac4d-09db-43c1-9ecb-d821e0a3f964",
   "FIELD9": ""
 },
 {
   "category": "Pantry",
   "subcategory": "Marinades & Meat Preparation\n",
   "name": "365 Organic Steak Sauce\n",
   "price": "2.99",
   "description": "10 oz�",
   "image": "https://d2lnr5mha7bycj.cloudfront.net/product-image/file/large_d22d2f8c-faa4-4acf-85a9-caa0cfcf34ed.jpg",
   "Image 2": "",
   "Product Link": "https://www.instacart.com/store/items/4528285?source1=aisle&source2=3632&source3=3632&impressionId=1f700c37-7cac-405f-b284-105130fb684d",
   "FIELD9": ""
 },
 {
   "category": "Pantry",
   "subcategory": "Marinades & Meat Preparation\n",
   "name": "Annie's Homegrown Organic Original Recipe BBQ BBQ Sauce\n",
   "price": "4.49",
   "description": "12 oz�",
   "image": "https://d2lnr5mha7bycj.cloudfront.net/product-image/file/large_a805d76c-c010-4075-ae24-cb41e44c06e8.JPG",
   "Image 2": "",
   "Product Link": "https://www.instacart.com/store/items/4475359?source1=aisle&source2=3632&source3=3632&impressionId=7dec4bd5-6b4e-40ca-ba5f-9d7e93b207cf",
   "FIELD9": ""
 },
 {
   "category": "Pantry",
   "subcategory": "Marinades & Meat Preparation\n",
   "name": "Bone Suckin' Sauce Sauce Thicker Style\n",
   "price": "6.99",
   "description": "16.0 oz�",
   "image": "https://d2lnr5mha7bycj.cloudfront.net/product-image/file/large_a1b67884-4705-4bf1-82f6-d713ef5c31e6.jpg",
   "Image 2": "",
   "Product Link": "https://www.instacart.com/store/items/4527759?source1=aisle&source2=3632&source3=3632&impressionId=c72ec46b-b26d-4406-b635-f8b857216dfc",
   "FIELD9": ""
 },
 {
   "category": "Pantry",
   "subcategory": "Marinades & Meat Preparation\n",
   "name": "Annie's Homegrown Organic Sweet & Spicy BBQ Sauce\n",
   "price": "4.47",
   "description": "12 oz�",
   "image": "https://d2lnr5mha7bycj.cloudfront.net/product-image/file/large_3b345068-0fc1-4ba7-9639-f4712fd91068.JPG",
   "Image 2": "",
   "Product Link": "https://www.instacart.com/store/items/4519293?source1=aisle&source2=3632&source3=3632&impressionId=59461a1d-e0a0-4744-99b7-f3eca080b1c9",
   "FIELD9": ""
 },
 {
   "category": "Pantry",
   "subcategory": "Marinades & Meat Preparation\n",
   "name": "Soy Vay Marinade & Sauce, Veri Veri Teriyaki Less Sodium, 21 Ounces\n",
   "price": "5.99",
   "description": "21 oz�",
   "image": "https://d2lnr5mha7bycj.cloudfront.net/product-image/file/large_efd67584-4c48-4589-bcf0-85d3fdd6eade.jpg",
   "Image 2": "",
   "Product Link": "https://www.instacart.com/store/items/24178238?source1=aisle&source2=3632&source3=3632&impressionId=0bef9bb4-2b3d-45b0-811c-85640e0f3092",
   "FIELD9": ""
 },
 {
   "category": "Pantry",
   "subcategory": "Marinades & Meat Preparation\n",
   "name": "Simply Organic Organic Brown Gravy Seasoning Mix\n",
   "price": "1.79",
   "description": "1.0 oz�",
   "image": "https://d2lnr5mha7bycj.cloudfront.net/product-image/file/large_50480c84-1619-424b-abaf-5f84b91888df.jpg",
   "Image 2": "",
   "Product Link": "https://www.instacart.com/store/items/21354618?source1=aisle&source2=3632&source3=3632&impressionId=8095b8bb-606a-426a-bb93-7115fd121008",
   "FIELD9": ""
 },
 {
   "category": "Pantry",
   "subcategory": "Preserved Dips & Spreads\n",
   "name": "365 Organic Medium Salsa",
   "price": "2.69",
   "description": "16 oz�",
   "image": "https://d2lnr5mha7bycj.cloudfront.net/product-image/file/large_42ec1749-d489-4c5c-a910-3ff1ae8f1ca4.jpg",
   "Image 2": "",
   "Product Link": "https://www.instacart.com/store/items/4521792?source1=aisle&source2=3759&source3=3759&impressionId=bd149a4c-d615-43c3-8676-b463a6749afa",
   "FIELD9": ""
 },
 {
   "category": "Pantry",
   "subcategory": "Preserved Dips & Spreads\n",
   "name": "365 Organic Mild Salsa\n",
   "price": "2.69",
   "description": "16 oz�",
   "image": "https://d2lnr5mha7bycj.cloudfront.net/product-image/file/large_7deaa065-51d0-4939-ae26-4cc3144191d6.jpg",
   "Image 2": "",
   "Product Link": "https://www.instacart.com/store/items/4521893?source1=aisle&source2=3759&source3=3759&impressionId=93b27f0f-3860-44bb-82d5-2d207be2dc0c",
   "FIELD9": ""
 },
 {
   "category": "Pantry",
   "subcategory": "Preserved Dips & Spreads\n",
   "name": "365 Crunchy Peanut Butter\n",
   "price": "2.49",
   "description": "16 oz�",
   "image": "https://d2lnr5mha7bycj.cloudfront.net/product-image/file/large_37a9e218-ad98-477f-81a0-7765f60f8a98.jpg",
   "Image 2": "",
   "Product Link": "https://www.instacart.com/store/items/4500300?source1=aisle&source2=3759&source3=3759&impressionId=5e298b2e-a329-422a-80d4-29f9e22c5e08",
   "FIELD9": ""
 },
 {
   "category": "Pantry",
   "subcategory": "Preserved Dips & Spreads\n",
   "name": "365 Roasted Verde Salsa\n",
   "price": "2.69",
   "description": "16 oz�",
   "image": "https://d2lnr5mha7bycj.cloudfront.net/product-image/file/large_ad04748b-a944-41de-9c0e-ebe0659672eb.jpg16 oz�",
   "Image 2": "",
   "Product Link": "https://www.instacart.com/store/items/4521237?source1=aisle&source2=3759&source3=3759&impressionId=2fe29110-245c-4f59-bc7d-fa1be00c7486",
   "FIELD9": ""
 },
 {
   "category": "Pantry",
   "subcategory": "Preserved Dips & Spreads\n",
   "name": "365 Peach Mango Salsa\n",
   "price": "2.69",
   "description": "16 oz�",
   "image": "https://d2lnr5mha7bycj.cloudfront.net/product-image/file/large_d6fc7514-a8fb-4527-938f-42be3e222085.jpg",
   "Image 2": "",
   "Product Link": "https://www.instacart.com/store/items/4534819?source1=aisle&source2=3759&source3=3759&impressionId=c92f8a16-c6e5-4468-8678-0f38f0704cbd",
   "FIELD9": ""
 },
 {
   "category": "Pantry",
   "subcategory": "Preserved Dips & Spreads\n",
   "name": "365 Unsalted And Unsweetened Creamy Peanut Butter\n",
   "price": "3.99",
   "description": "16 oz�",
   "image": "https://d2lnr5mha7bycj.cloudfront.net/product-image/file/large_d0ae4419-e98b-4357-8386-eb2816ac0fd6.jpg",
   "Image 2": "",
   "Product Link": "https://www.instacart.com/store/items/4500417?source1=aisle&source2=3759&source3=3759&impressionId=3f3ac381-b50f-4042-811b-d5343af69763",
   "FIELD9": ""
 },
 {
   "category": "Pantry",
   "subcategory": "Preserved Dips & Spreads\n",
   "name": "365 Medium Thick And Chunky Salsa\n",
   "price": "2.69",
   "description": "16 oz�",
   "image": "https://d2lnr5mha7bycj.cloudfront.net/product-image/file/large_48a83a1d-cb4e-4eb4-b676-13a004cdb4e5.jpg",
   "Image 2": "",
   "Product Link": "https://www.instacart.com/store/items/4535106?source1=aisle&source2=3759&source3=3759&impressionId=04c3063f-5412-402c-be52-f2d10fd4e18a",
   "FIELD9": ""
 },
 {
   "category": "Pantry",
   "subcategory": "Preserved Dips & Spreads\n",
   "name": "365 Organic Hot Salsa\n",
   "price": "2.69",
   "description": "16 oz�",
   "image": "https://d2lnr5mha7bycj.cloudfront.net/product-image/file/large_83ac9be0-75f3-4ac0-9ec9-b221bbf8a7b0.jpg",
   "Image 2": "",
   "Product Link": "https://www.instacart.com/store/items/4521639?source1=aisle&source2=3759&source3=3759&impressionId=07a78469-68e4-4ba2-a87b-ebb2dc977d19",
   "FIELD9": ""
 },
 {
   "category": "Pantry",
   "subcategory": "Preserved Dips & Spreads\n",
   "name": "365 Creamy Cashew Butter\n",
   "price": "9.99",
   "description": "16 oz�",
   "image": "https://d2lnr5mha7bycj.cloudfront.net/product-image/file/large_1082f0ab-6023-42ac-ac60-059502e3f560.jpg",
   "Image 2": "",
   "Product Link": "https://www.instacart.com/store/items/4518017?source1=aisle&source2=3759&source3=3759&impressionId=b7ff92a6-2956-4d7a-9d18-9f42ad1d2c81",
   "FIELD9": ""
 },
 {
   "category": "Pantry",
   "subcategory": "Preserved Dips & Spreads\n",
   "name": "Frontera Tomatillo Medium Salsa\n",
   "price": "4.49",
   "description": "16 oz�",
   "image": "https://d2lnr5mha7bycj.cloudfront.net/product-image/file/large_b579780c-e8f0-44ab-92e8-694120f1dabd.jpg",
   "Image 2": "",
   "Product Link": "https://www.instacart.com/store/items/4474170?source1=aisle&source2=3759&source3=3759&impressionId=9f845210-db3e-4852-a522-fbaad74b1211",
   "FIELD9": ""
 },
 {
   "category": "Pantry",
   "subcategory": "Preserved Dips & Spreads\n",
   "name": "365 Roasted Red Chipotle Salsa\n",
   "price": "2.69",
   "description": "16 oz�",
   "image": "https://d2lnr5mha7bycj.cloudfront.net/product-image/file/large_988ed9de-2c66-457a-abc4-37d5e0623140.jpg",
   "Image 2": "",
   "Product Link": "https://www.instacart.com/store/items/4534592?source1=aisle&source2=3759&source3=3759&impressionId=9c7e65a9-2491-41c3-b13d-c77a3e0f882f",
   "FIELD9": ""
 },
 {
   "category": "Pantry",
   "subcategory": "Preserved Dips & Spreads\n",
   "name": "365 Medium Roasted Verde Salsa\n",
   "price": "3.99",
   "description": "24 oz�",
   "image": "https://d2lnr5mha7bycj.cloudfront.net/product-image/file/large_22720cd0-9843-4cc4-a2aa-8699c4e2cd34.jpg",
   "Image 2": "",
   "Product Link": "https://www.instacart.com/store/items/4521348?source1=aisle&source2=3759&source3=3759&impressionId=07739e16-3294-4775-a2ec-488f8598df94",
   "FIELD9": ""
 },
 {
   "category": "Pantry",
   "subcategory": "Preserved Dips & Spreads\n",
   "name": "Frontera Jalapeno Cilantro Medium Salsa\n",
   "price": "4.49",
   "description": "16 oz�",
   "image": "https://d2lnr5mha7bycj.cloudfront.net/product-image/file/large_73cd3fde-f090-417f-ba03-cbf25a22f0f1.jpg",
   "Image 2": "",
   "Product Link": "https://www.instacart.com/store/items/4474333?source1=aisle&source2=3759&source3=3759&impressionId=8b00d1a4-c163-4e87-b544-5cc14b8475ed",
   "FIELD9": ""
 },
 {
   "category": "Pantry",
   "subcategory": "Preserved Dips & Spreads\n",
   "name": "365 Black Bean And Corn Salsa",
   "price": "2.99",
   "description": "16 oz�",
   "image": "https://d2lnr5mha7bycj.cloudfront.net/product-image/file/large_f62d2f8a-47a7-4c28-b5e5-137b3a0fce48.jpg",
   "Image 2": "",
   "Product Link": "https://www.instacart.com/store/items/8544871?source1=aisle&source2=3759&source3=3759&impressionId=e82f24b2-89b7-496d-9da1-6582415172cd",
   "FIELD9": ""
 },
 {
   "category": "Pantry",
   "subcategory": "Preserved Dips & Spreads\n",
   "name": "Simply Organic Certified Organic French Onion Dip Mix\n",
   "price": "1.79",
   "description": "1.1 oz�",
   "image": "https://d2lnr5mha7bycj.cloudfront.net/product-image/file/large_f364b766-f2ae-4d5c-83c0-c70c304be876.jpg",
   "Image 2": "",
   "Product Link": "https://www.instacart.com/store/items/4476819?source1=aisle&source2=3759&source3=3759&impressionId=f6de130d-a4b6-492e-afd8-007145f25bd8",
   "FIELD9": ""
 },
 {
   "category": "Pantry",
   "subcategory": "Preserved Dips & Spreads\n",
   "name": "365 Organic Red Enchilada Sauce",
   "price": "2.99",
   "description": "13.5 oz�",
   "image": "https://d2lnr5mha7bycj.cloudfront.net/product-image/file/large_d0b1cca3-a174-406e-a767-8d066e161d35.jpg",
   "Image 2": "",
   "Product Link": "https://www.instacart.com/store/items/84150451?source1=aisle&source2=3759&source3=3759&impressionId=ffba6aff-2e07-491f-8733-e6a580c24558",
   "FIELD9": ""
 },
 {
   "category": "Pantry",
   "subcategory": "Preserved Dips & Spreads\n",
   "name": "365 Organic Jellied Cranberry Sauce\n",
   "price": "2.5",
   "description": "14 oz�",
   "image": "https://d2lnr5mha7bycj.cloudfront.net/product-image/file/large_76559dcc-9e72-4edf-90a2-44e0b4554175.jpg",
   "Image 2": "",
   "Product Link": "https://www.instacart.com/store/items/4534293?source1=aisle&source2=3759&source3=3759&impressionId=25cdf74b-cfd5-4024-a53b-cc6836661056",
   "FIELD9": ""
 },
 {
   "category": "Pantry",
   "subcategory": "Preserved Dips & Spreads\n",
   "name": "Frontera Original Guacamole Mix\n",
   "price": "1.99",
   "description": "4 oz�",
   "image": "https://d2lnr5mha7bycj.cloudfront.net/product-image/file/large_76fed6f2-6e31-4faf-9ffd-652b8093cc78.jpg",
   "Image 2": "",
   "Product Link": "https://www.instacart.com/store/items/4520822?source1=aisle&source2=3759&source3=3759&impressionId=c075ff86-324c-4e69-ac3a-abcf6e7028dd",
   "FIELD9": ""
 },
 {
   "category": "Pantry",
   "subcategory": "Preserved Dips & Spreads\n",
   "name": "Bonne Maman Cherry Preserves\n",
   "price": "4.99\n",
   "description": "13 oz�",
   "image": "https://d2lnr5mha7bycj.cloudfront.net/product-image/file/large_e182255b-b4fc-4ca2-9918-61c140b2f56f.jpg",
   "Image 2": "",
   "Product Link": "https://www.instacart.com/store/items/4572761?source1=aisle&source2=3759&source3=3759&impressionId=8b2e8d54-da1e-4a08-b582-ff66f37a65cd",
   "FIELD9": ""
 },
 {
   "category": "Pantry",
   "subcategory": "Preserved Dips & Spreads\n",
   "name": "Simply Organic Certified Organic Ranch Dip Mix\n",
   "price": "1.79",
   "description": "1.5 oz�",
   "image": "https://d2lnr5mha7bycj.cloudfront.net/product-image/file/large_a42f70f4-1e2d-4217-a8e0-7213a02d93d9.jpg",
   "Image 2": "",
   "Product Link": "https://www.instacart.com/store/items/4476852?source1=aisle&source2=3759&source3=3759&impressionId=16fd8bb6-82a1-45be-9426-bceec676bd15",
   "FIELD9": ""
 },
 {
   "category": "Pantry",
   "subcategory": "Doughs, Gelatins & Bake Mixes\n",
   "name": "Immaculate Bakery Organic with Icing Cinnamon Rolls\n",
   "price": "4.99",
   "description": "17.5 oz�",
   "image": "https://d2lnr5mha7bycj.cloudfront.net/product-image/file/large_9e9d3bff-6c38-49ad-99fb-fba49f53bb9c.jpg",
   "Image 2": "",
   "Product Link": "https://www.instacart.com/store/items/4571164?source1=aisle&source2=561&source3=561&impressionId=5d5b62b5-d80a-4f37-8a1b-01fe7af94816",
   "FIELD9": ""
 },
 {
   "category": "Pantry",
   "subcategory": "Doughs, Gelatins & Bake Mixes\n",
   "name": "Immaculate Bakery Organic Crescent Rolls",
   "price": "3.99\n",
   "description": "8 oz�",
   "image": "https://d2lnr5mha7bycj.cloudfront.net/product-image/file/large_74ec2632-9011-45c6-bae3-e60494f96fe8.jpg",
   "Image 2": "",
   "Product Link": "https://www.instacart.com/store/items/4571025?source1=aisle&source2=561&source3=561&impressionId=bcc0aaa1-490d-4d97-97be-1e34b18b1394",
   "FIELD9": ""
 },
 {
   "category": "Pantry",
   "subcategory": "Doughs, Gelatins & Bake Mixes\n",
   "name": "Immaculate Bakery Organic Flaky Biscuits\n",
   "price": "3.99",
   "description": "16 oz�",
   "image": "https://d2lnr5mha7bycj.cloudfront.net/product-image/file/large_7fa70162-e887-42f1-b404-e689d8c69fd5.jpg",
   "Image 2": "",
   "Product Link": "https://www.instacart.com/store/items/16202993?source1=aisle&source2=561&source3=561&impressionId=d874b0d5-6a37-401f-adde-618748b60422",
   "FIELD9": ""
 },
 {
   "category": "Pantry",
   "subcategory": "Doughs, Gelatins & Bake Mixes\n",
   "name": "365 Ripe Large Pitted Olives\n",
   "price": "2",
   "description": "6 oz�",
   "image": "https://d2lnr5mha7bycj.cloudfront.net/product-image/file/large_9c6690cb-f3a8-4f84-98c7-5a2980db7205.jpg",
   "Image 2": "",
   "Product Link": "https://www.instacart.com/store/items/4486211?source1=aisle&source2=561&source3=561&impressionId=294c5c04-65ee-4e56-bd91-b3354124530f",
   "FIELD9": ""
 },
 {
   "category": "Pantry",
   "subcategory": "Doughs, Gelatins & Bake Mixes\n",
   "name": "365 Medium Pitted Black Olives\n",
   "price": "2",
   "description": "6 oz�",
   "image": "https://d2lnr5mha7bycj.cloudfront.net/product-image/file/large_59524795-66db-4635-841e-82bd4b46e46a.jpg",
   "Image 2": "",
   "Product Link": "https://www.instacart.com/store/items/4486261?source1=aisle&source2=561&source3=561&impressionId=e4a8430f-4fb2-41eb-abdc-8d1be495411b",
   "FIELD9": ""
 },
 {
   "category": "Pantry",
   "subcategory": "Doughs, Gelatins & Bake Mixes\n",
   "name": "365 Organic Buttermilk Pancake & Waffle Mix\n",
   "price": "3.99",
   "description": "2 lb�",
   "image": "https://d2lnr5mha7bycj.cloudfront.net/product-image/file/large_66383251-db36-4aa3-bf8d-29536ffe7e1c.jpg",
   "Image 2": "",
   "Product Link": "https://www.instacart.com/store/items/4476442?source1=aisle&source2=561&source3=561&impressionId=d23dc7b5-7212-43d3-8f0a-7ccae18599b0",
   "FIELD9": ""
 },
 {
   "category": "Pantry",
   "subcategory": "Doughs, Gelatins & Bake Mixes\n",
   "name": "Immaculate Bakery Ready-to-Bake 9 Inch Pie Crusts\n",
   "price": "3.99",
   "description": "15 oz�",
   "image": "https://d2lnr5mha7bycj.cloudfront.net/product-image/file/large_7d50f805-25c9-48c0-ba2d-d6eb6b5c4e8c.jpg",
   "Image 2": "",
   "Product Link": "https://www.instacart.com/store/items/4562621?source1=aisle&source2=561&source3=561&impressionId=905bd9d0-efa0-44f5-b19d-30972d944bec",
   "FIELD9": ""
 },
 {
   "category": "Pantry",
   "subcategory": "Doughs, Gelatins & Bake Mixes\n",
   "name": "Immaculate Bakery Gluten Free Chocolate Chunk Cookies\n",
   "price": "4.49",
   "description": "14 oz�",
   "image": "https://d2lnr5mha7bycj.cloudfront.net/product-image/file/large_ecc7361e-6d23-4ffd-8e77-ae59d27e70be.jpg",
   "Image 2": "",
   "Product Link": "https://www.instacart.com/store/items/21672463?source1=aisle&source2=561&source3=561&impressionId=330ba3b7-3860-481c-a8ea-923b0f768e00",
   "FIELD9": ""
 },
 {
   "category": "Pantry",
   "subcategory": "Doughs, Gelatins & Bake Mixes\n",
   "name": "365 Ripe Green Pitted Olives\n",
   "price": "2.49",
   "description": "6 oz \n",
   "image": "https://d2lnr5mha7bycj.cloudfront.net/product-image/file/large_ba1d77c4-ed8c-420b-93ac-265a5c779378.jpg",
   "Image 2": "",
   "Product Link": "https://www.instacart.com/store/items/4486048?source1=aisle&source2=561&source3=561&impressionId=d75fe7a0-749d-4df8-9fc0-0029b6ddc258",
   "FIELD9": ""
 },
 {
   "category": "Pantry",
   "subcategory": "Doughs, Gelatins & Bake Mixes\n",
   "name": "Immaculate Bakery Gluten Free Double Chocolate Cookie Dough\n",
   "price": "4.49",
   "description": "14 oz�",
   "image": "https://d2lnr5mha7bycj.cloudfront.net/product-image/file/large_9cd4fdfe-f6b9-421f-abb2-1d8770afb53c.jpg",
   "Image 2": "",
   "Product Link": "https://www.instacart.com/store/items/12921124?source1=aisle&source2=561&source3=561&impressionId=67d7c09a-9d43-40ed-8442-2d04bf6bca45",
   "FIELD9": ""
 },
 {
   "category": "Pantry",
   "subcategory": "Doughs, Gelatins & Bake Mixes\n",
   "name": "365 Organic Buttermilk Pancake & Waffle Mix\n",
   "price": "3.99",
   "description": "2 lb�",
   "image": "https://d2lnr5mha7bycj.cloudfront.net/product-image/file/large_66383251-db36-4aa3-bf8d-29536ffe7e1c.jpg",
   "Image 2": "",
   "Product Link": "https://www.instacart.com/store/items/4476442?source1=aisle&source2=561&source3=561&impressionId=d23dc7b5-7212-43d3-8f0a-7ccae18599b0",
   "FIELD9": ""
 },
 {
   "category": "Pantry",
   "subcategory": "Doughs, Gelatins & Bake Mixes\n",
   "name": "Immaculate Bakery Ready-to-Bake 9 Inch Pie Crusts\n",
   "price": "3.99\n",
   "description": "15 oz�",
   "image": "https://d2lnr5mha7bycj.cloudfront.net/product-image/file/large_7d50f805-25c9-48c0-ba2d-d6eb6b5c4e8c.jpg",
   "Image 2": "",
   "Product Link": "https://www.instacart.com/store/items/4562621?source1=aisle&source2=561&source3=561&impressionId=905bd9d0-efa0-44f5-b19d-30972d944bec",
   "FIELD9": ""
 },
 {
   "category": "Pantry",
   "subcategory": "Doughs, Gelatins & Bake Mixes\n",
   "name": "Immaculate Bakery Gluten Free Chocolate Chunk Cookies\n",
   "price": "4.49",
   "description": "14 oz�",
   "image": "https://d2lnr5mha7bycj.cloudfront.net/product-image/file/large_ecc7361e-6d23-4ffd-8e77-ae59d27e70be.jpg",
   "Image 2": "",
   "Product Link": "https://www.instacart.com/store/items/21672463?source1=aisle&source2=561&source3=561&impressionId=330ba3b7-3860-481c-a8ea-923b0f768e00",
   "FIELD9": ""
 },
 {
   "category": "Pantry",
   "subcategory": "Doughs, Gelatins & Bake Mixes\n",
   "name": "365 Ripe Green Pitted Olives\n",
   "price": "2.49",
   "description": "6 oz�",
   "image": "https://d2lnr5mha7bycj.cloudfront.net/product-image/file/large_ba1d77c4-ed8c-420b-93ac-265a5c779378.jpg",
   "Image 2": "",
   "Product Link": "https://www.instacart.com/store/items/4486048?source1=aisle&source2=561&source3=561&impressionId=d75fe7a0-749d-4df8-9fc0-0029b6ddc258",
   "FIELD9": ""
 },
 {
   "category": "Pantry",
   "subcategory": "Doughs, Gelatins & Bake Mixes\n",
   "name": "Immaculate Bakery Gluten Free Double Chocolate Cookie Dough\n",
   "price": "4.49",
   "description": "14 oz�",
   "image": "https://d2lnr5mha7bycj.cloudfront.net/product-image/file/large_9cd4fdfe-f6b9-421f-abb2-1d8770afb53c.jpg",
   "Image 2": "",
   "Product Link": "https://www.instacart.com/store/items/12921124?source1=aisle&source2=561&source3=561&impressionId=67d7c09a-9d43-40ed-8442-2d04bf6bca45",
   "FIELD9": ""
 },
 {
   "category": "Pantry",
   "subcategory": "Doughs, Gelatins & Bake Mixes\n",
   "name": "Knox Original Unflavored Gelatine",
   "price": "3.39",
   "description": "1 oz \n",
   "image": "https://d2lnr5mha7bycj.cloudfront.net/product-image/file/large_d85f9b96-5ed3-455d-9c4e-d12ff7b350d4.JPG",
   "Image 2": "",
   "Product Link": "https://www.instacart.com/store/items/4575496?source1=aisle&source2=561&source3=561&impressionId=8dc7a2a4-7bf2-4c22-b365-db6591061284",
   "FIELD9": ""
 },
 {
   "category": "Pantry",
   "subcategory": "Doughs, Gelatins & Bake Mixes\n",
   "name": "365 Jumbo Pitted Black Olives\n",
   "price": "2",
   "description": "5.75 oz�",
   "image": "https://d2lnr5mha7bycj.cloudfront.net/product-image/file/large_b0861504-07b0-455a-8980-269eceb352aa.jpg",
   "Image 2": "",
   "Product Link": "https://www.instacart.com/store/items/4486181?source1=aisle&source2=561&source3=561&impressionId=ca9f1248-e873-440e-a2c7-0836f442971f",
   "FIELD9": ""
 },
 {
   "category": "Pantry",
   "subcategory": "Doughs, Gelatins & Bake Mixes\n",
   "name": "Eat Pastry Gluten Free Chocolate Chunk Cookie Dough\n",
   "price": "5.99",
   "description": "14 oz�",
   "image": "https://d2lnr5mha7bycj.cloudfront.net/product-image/file/large_3d87cf99-3502-4f09-a64b-c0e23404f081.jpg",
   "Image 2": "",
   "Product Link": "https://www.instacart.com/store/items/4563080?source1=aisle&source2=561&source3=561&impressionId=f8ee423b-0e64-49b8-8869-920a0dc828c4",
   "FIELD9": ""
 },
 {
   "category": "Pantry",
   "subcategory": "Doughs, Gelatins & Bake Mixes\n",
   "name": "365 Organic Hot Cocoa Mix\n",
   "price": "3.99",
   "description": "10 x 1 oz�",
   "image": "https://d2lnr5mha7bycj.cloudfront.net/product-image/file/large_eb6f25b0-307b-485c-8148-21427b2b698f.jpg",
   "Image 2": "",
   "Product Link": "https://www.instacart.com/store/items/4480994?source1=aisle&source2=561&source3=561&impressionId=e8b2d9c1-7f6f-4850-a185-5e7f4d344145",
   "FIELD9": ""
 },
 {
   "category": "Pantry",
   "subcategory": "Doughs, Gelatins & Bake Mixes\n",
   "name": "Bob's Red Mill Gluten Free Cornbread Mix\n",
   "price": "3.39",
   "description": "20 oz�",
   "image": "https://d2lnr5mha7bycj.cloudfront.net/product-image/file/large_9b9e41b6-41cc-4949-9c3c-ac1020c58c29.jpg",
   "Image 2": "",
   "Product Link": "https://www.instacart.com/store/items/4526114?source1=aisle&source2=561&source3=561&impressionId=fb9c7e07-5b66-48db-a756-50f35f5e0682",
   "FIELD9": ""
 },
 {
   "category": "Pantry",
   "subcategory": "Baking Ingredients\n",
   "name": "365 Organic Light Brown Sugar\n",
   "price": "3.79",
   "description": "24 oz�",
   "image": "https://d2lnr5mha7bycj.cloudfront.net/product-image/file/large_b9ff7955-de63-4480-a968-c3c383307aac.jpg",
   "Image 2": "",
   "Product Link": "https://www.instacart.com/store/items/4541876?source1=aisle&source2=4269&source3=4269&impressionId=0ac2aa2f-8c40-48e5-9930-5bed6eba489b",
   "FIELD9": ""
 },
 {
   "category": "Pantry",
   "subcategory": "Baking Ingredients\n",
   "name": "365 Organic Unbleached All-Purpose Flour\n",
   "price": "4.99",
   "description": "5 lb�",
   "image": "https://d2lnr5mha7bycj.cloudfront.net/product-image/file/large_b12bf3da-fc55-45c5-a88d-96f5da8ba60f.jpg",
   "Image 2": "",
   "Product Link": "https://www.instacart.com/store/items/4487750?source1=aisle&source2=4269&source3=4269&impressionId=436d4d69-2cc4-4c61-a0e6-25b7b1eacf1a",
   "FIELD9": ""
 },
 {
   "category": "Pantry",
   "subcategory": "Baking Ingredients\n",
   "name": "365 Cane Sugar\n",
   "price": "3.79",
   "description": "32 oz�",
   "image": "https://d2lnr5mha7bycj.cloudfront.net/product-image/file/large_7a81ee11-9d6b-46c8-9dfc-e18eff60ef15.jpg",
   "Image 2": "",
   "Product Link": "https://www.instacart.com/store/items/4488278?source1=aisle&source2=4269&source3=4269&impressionId=d1648b55-58f1-43d1-bbca-93881a685923",
   "FIELD9": ""
 },
 {
   "category": "Pantry",
   "subcategory": "Baking Ingredients\n",
   "name": "365 Semi Sweet Chocolate Baking Chips\n",
   "price": "2.99",
   "description": "12 oz�",
   "image": "https://d2lnr5mha7bycj.cloudfront.net/product-image/file/large_c47185f4-f86c-491f-9c1f-cfecc4fd5803.jpg",
   "Image 2": "",
   "Product Link": "https://www.instacart.com/store/items/4540239?source1=aisle&source2=4269&source3=4269&impressionId=a5b54226-48c1-4ac9-bbb9-f1e84ebf74cb",
   "FIELD9": ""
 },
 {
   "category": "Pantry",
   "subcategory": "Baking Ingredients\n",
   "name": "365 Natural Baking Soda\n",
   "price": "0.99",
   "description": "16 oz�",
   "image": "https://d2lnr5mha7bycj.cloudfront.net/product-image/file/large_829e7fe2-a70b-4baf-b513-f96b107a72e3.jpg",
   "Image 2": "",
   "Product Link": "https://www.instacart.com/store/items/4544212?source1=aisle&source2=4269&source3=4269&impressionId=4ac90b44-8ee2-4d83-b670-6fec886b59e5",
   "FIELD9": ""
 },
 {
   "category": "Pantry",
   "subcategory": "Baking Ingredients\n",
   "name": "365 Baking Powder\n",
   "price": "1.99",
   "description": "10 oz�",
   "image": "https://d2lnr5mha7bycj.cloudfront.net/product-image/file/large_867128db-c0f2-450f-a7f0-de92c778f442.jpg",
   "Image 2": "",
   "Product Link": "https://www.instacart.com/store/items/4544193?source1=aisle&source2=4269&source3=4269&impressionId=b0e531d6-54b2-4df6-8b61-3335a988b3f0",
   "FIELD9": ""
 },
 {
   "category": "Pantry",
   "subcategory": "Baking Ingredients\n",
   "name": "365 Unbleached All-Purpose Baking Flour\n",
   "price": "3.29",
   "description": "5 lb�",
   "image": "https://d2lnr5mha7bycj.cloudfront.net/product-image/file/large_0663ff04-3ed5-4c80-b3b8-9640b1695293.jpg",
   "Image 2": "",
   "Product Link": "https://www.instacart.com/store/items/4487439?source1=aisle&source2=4269&source3=4269&impressionId=69561432-eeaf-43e0-906d-5928105ebe6a",
   "FIELD9": ""
 },
 {
   "category": "Pantry",
   "subcategory": "Baking Ingredients\n",
   "name": "365 Organic Cane Sugar\n",
   "price": "5.99",
   "description": "4 lb�",
   "image": "https://d2lnr5mha7bycj.cloudfront.net/product-image/file/large_8fd18fb6-1ff4-4f33-8ad5-0fb07ad5b227.jpg",
   "Image 2": "",
   "Product Link": "https://www.instacart.com/store/items/4476561?source1=aisle&source2=4269&source3=4269&impressionId=58eb2c6c-46f5-4dbd-a149-7c0c1e60a36f",
   "FIELD9": ""
 },
 {
   "category": "Pantry",
   "subcategory": "Baking Ingredients\n",
   "name": "365 100% Organic Lime Juice\n",
   "price": "2.99",
   "description": "10 fl oz�",
   "image": "https://d2lnr5mha7bycj.cloudfront.net/product-image/file/large_6752dc01-433e-49a8-9daf-7ad4c41644a2.jpg",
   "Image 2": "",
   "Product Link": "https://www.instacart.com/store/items/4542165?source1=aisle&source2=4269&source3=4269&impressionId=ed26566e-3ff3-41de-8d18-42029df83877",
   "FIELD9": ""
 },
 {
   "category": "Pantry",
   "subcategory": "Baking Ingredients\n",
   "name": "365 100% Pure Pumpkin\n",
   "price": "1.99\n",
   "description": "15 oz \n",
   "image": "https://d2lnr5mha7bycj.cloudfront.net/product-image/file/large_5c912ee5-be00-4fbb-b4a7-7662daeea464.jpg",
   "Image 2": "",
   "Product Link": "https://www.instacart.com/store/items/4486897?source1=aisle&source2=4269&source3=4269&impressionId=e1272ad3-3021-4ad7-b433-66e0369152fd",
   "FIELD9": ""
 },
 {
   "category": "Pantry",
   "subcategory": "Baking Ingredients\n",
   "name": "365 Organic Vanilla Extract\n",
   "price": "3.99",
   "description": "2 fl oz�",
   "image": "https://d2lnr5mha7bycj.cloudfront.net/product-image/file/large_31bc6e1c-8073-40f1-a2f1-d7b5a6ca5441.jpg",
   "Image 2": "",
   "Product Link": "https://www.instacart.com/store/items/4540899?source1=aisle&source2=4269&source3=4269&impressionId=f9e5ca1f-2464-4848-a30d-e5002b718f18",
   "FIELD9": ""
 },
 {
   "category": "Pantry",
   "subcategory": "Baking Ingredients\n",
   "name": "365 Organic Powdered Sugar\n",
   "price": "3.99",
   "description": "24 oz�",
   "image": "https://d2lnr5mha7bycj.cloudfront.net/product-image/file/large_0e8031b7-efa7-4ae4-a2d0-a75c4a58bf82.jpg",
   "Image 2": "",
   "Product Link": "https://www.instacart.com/store/items/4476507?source1=aisle&source2=4269&source3=4269&impressionId=b7c7028a-0604-46ed-bd97-bd900acf5365",
   "FIELD9": ""
 },
 {
   "category": "Pantry",
   "subcategory": "Baking Ingredients\n",
   "name": "365 Organic Vanilla Extract\n",
   "price": "7.99",
   "description": "4 fl oz�",
   "image": "https://d2lnr5mha7bycj.cloudfront.net/product-image/file/large_ee1fc38f-a346-437e-a6da-ba4a3e5a92c5.jpg",
   "Image 2": "",
   "Product Link": "https://www.instacart.com/store/items/4540797?source1=aisle&source2=4269&source3=4269&impressionId=733c5f84-f7a5-49ba-8e55-7072c7060ec0",
   "FIELD9": ""
 },
 {
   "category": "Pantry",
   "subcategory": "Baking Ingredients\n",
   "name": "365 Semi Sweet Mini Chocolate Baking Chips\n",
   "price": "3.99",
   "description": "12 oz�",
   "image": "https://d2lnr5mha7bycj.cloudfront.net/product-image/file/large_bd7fa054-ebc5-443a-99da-0b65e49a0f7d.jpg",
   "Image 2": "",
   "Product Link": "https://www.instacart.com/store/items/4539968?source1=aisle&source2=4269&source3=4269&impressionId=33a229bc-bd6d-4bd2-bd1e-045554244cfc",
   "FIELD9": ""
 },
 {
   "category": "Pantry",
   "subcategory": "Baking Ingredients\n",
   "name": "365 Turbinado Raw Sugar\n",
   "price": "3.99",
   "description": "32 oz�",
   "image": "https://d2lnr5mha7bycj.cloudfront.net/product-image/file/large_e51465c0-5683-4537-8966-ca0fcde9a703.jpg",
   "Image 2": "",
   "Product Link": "https://www.instacart.com/store/items/4488257?source1=aisle&source2=4269&source3=4269&impressionId=3c5ae6ad-d474-43e3-83b8-6c4f3bd8d289",
   "FIELD9": ""
 },
 {
   "category": "Pantry",
   "subcategory": "Baking Ingredients\n",
   "name": "Bob's Red Mill Finely Ground Almond Meal/Flour\n",
   "price": "12.99",
   "description": "16 oz \n",
   "image": "https://d2lnr5mha7bycj.cloudfront.net/product-image/file/large_192ccfe5-b240-456c-af69-7b232388ad7a.jpg",
   "Image 2": "",
   "Product Link": "https://www.instacart.com/store/items/4482573?source1=aisle&source2=4269&source3=4269&impressionId=8645f76f-07ac-4a6f-9b41-da122f66c447",
   "FIELD9": ""
 },
 {
   "category": "Pantry",
   "subcategory": "Baking Ingredients\n",
   "name": "365 Corn Starch\n",
   "price": "2.29\n",
   "description": "16 oz \n",
   "image": "https://d2lnr5mha7bycj.cloudfront.net/product-image/file/large_3d8ce95d-4fe6-4df7-9609-9a374101e1f8.jpg",
   "Image 2": "",
   "Product Link": "https://www.instacart.com/store/items/35675781?source1=aisle&source2=4269&source3=4269&impressionId=443a46cf-aa8e-46bb-b5f0-bd933b6ba014",
   "FIELD9": ""
 },
 {
   "category": "Pantry",
   "subcategory": "Baking Ingredients\n",
   "name": "Farmer's Market Pumpkin Organic\n",
   "price": "2.99",
   "description": "15.0 oz \n",
   "image": "https://d2lnr5mha7bycj.cloudfront.net/product-image/file/large_ad5f7ba8-ba16-48a4-98fd-00bfbdf75828.jpg",
   "Image 2": "",
   "Product Link": "https://www.instacart.com/store/items/4466108?source1=aisle&source2=4269&source3=4269&impressionId=3c3abfe7-948b-400a-8169-65dad976e179",
   "FIELD9": ""
 },
 {
   "category": "Pantry",
   "subcategory": "Baking Ingredients\n",
   "name": "365 Jumbo Milk Chocolate Baking Chips\n",
   "price": "3.99",
   "description": "10 oz�",
   "image": "https://d2lnr5mha7bycj.cloudfront.net/product-image/file/large_03b49194-6516-418a-8816-33d474362279.jpg",
   "Image 2": "",
   "Product Link": "https://www.instacart.com/store/items/4539639?source1=aisle&source2=4269&source3=4269&impressionId=ac01cd1e-3e38-4a5f-b97e-da96048739ee",
   "FIELD9": ""
 },
 {
   "category": "Pantry",
   "subcategory": "Baking Ingredients\n",
   "name": "Let's Do...Organic Shredded Coconut Unsweetened\n",
   "price": "3.69",
   "description": "8.0 oz \n",
   "image": "https://d2lnr5mha7bycj.cloudfront.net/product-image/file/large_13f48cbb-54ec-4012-8f3c-7172b32bdee5.jpg",
   "Image 2": "",
   "Product Link": "https://www.instacart.com/store/items/4473590?source1=aisle&source2=4269&source3=4269&impressionId=5fd47e4f-8688-4ac6-ac4f-0bf63060efac",
   "FIELD9": ""
 },
 {
   "category": "Pantry",
   "subcategory": "Baking Supplies & Decor\n",
   "name": "Boiron Arnica Homeopathic Pain Relief Gel\n",
   "price": "7.99",
   "description": "1.5 oz�",
   "image": "https://d2lnr5mha7bycj.cloudfront.net/product-image/file/large_5fb4ce89-8c07-43a7-a51d-db061ae0c348.jpg",
   "Image 2": "",
   "Product Link": "https://www.instacart.com/store/items/4483287?source1=aisle&source2=549&source3=549&impressionId=447698c0-c5f9-4f2d-839c-5f1943cfc3ba",
   "FIELD9": ""
 },
 {
   "category": "Pantry",
   "subcategory": "Baking Supplies & Decor\n",
   "name": "365 Organic Unbleached All-Purpose Flour\n",
   "price": "4.99",
   "description": "5 lb�",
   "image": "https://d2lnr5mha7bycj.cloudfront.net/product-image/file/large_b12bf3da-fc55-45c5-a88d-96f5da8ba60f.jpg",
   "Image 2": "",
   "Product Link": "https://www.instacart.com/store/items/4487750?source1=aisle&source2=549&source3=549&impressionId=7f9f349f-4d63-4269-80f5-b0c1521e5686",
   "FIELD9": ""
 },
 {
   "category": "Pantry",
   "subcategory": "Baking Supplies & Decor\n",
   "name": "365 Cane Sugar\n",
   "price": "3.79",
   "description": "32 oz \n",
   "image": "https://d2lnr5mha7bycj.cloudfront.net/product-image/file/large_7a81ee11-9d6b-46c8-9dfc-e18eff60ef15.jpg",
   "Image 2": "",
   "Product Link": "https://www.instacart.com/store/items/4488278?source1=aisle&source2=549&source3=549&impressionId=b080ceef-85e0-4824-8235-ba4fa30ada32",
   "FIELD9": ""
 },
 {
   "category": "Pantry",
   "subcategory": "Baking Supplies & Decor\n",
   "name": "365 Semi Sweet Chocolate Baking Chips\n",
   "price": "2.99",
   "description": "12 oz�",
   "image": "https://d2lnr5mha7bycj.cloudfront.net/product-image/file/large_c47185f4-f86c-491f-9c1f-cfecc4fd5803.jpg",
   "Image 2": "",
   "Product Link": "https://www.instacart.com/store/items/4540239?source1=aisle&source2=549&source3=549&impressionId=57b0727c-3c27-43ac-9367-98034339453a",
   "FIELD9": ""
 },
 {
   "category": "Pantry",
   "subcategory": "Baking Supplies & Decor\n",
   "name": "365 Unbleached All-Purpose Baking Flour\n",
   "price": "3.29",
   "description": "5 lb \n",
   "image": "https://d2lnr5mha7bycj.cloudfront.net/product-image/file/large_0663ff04-3ed5-4c80-b3b8-9640b1695293.jpg",
   "Image 2": "",
   "Product Link": "https://www.instacart.com/store/items/4487439?source1=aisle&source2=549&source3=549&impressionId=9d9b3167-7d53-40be-8c48-deae7400d654",
   "FIELD9": ""
 },
 {
   "category": "Pantry",
   "subcategory": "Baking Supplies & Decor\n",
   "name": "365 Organic Cane Sugar\n",
   "price": "5.99",
   "description": "4 lb�",
   "image": "https://d2lnr5mha7bycj.cloudfront.net/product-image/file/large_8fd18fb6-1ff4-4f33-8ad5-0fb07ad5b227.jpg",
   "Image 2": "",
   "Product Link": "https://www.instacart.com/store/items/4476561?source1=aisle&source2=549&source3=549&impressionId=1a4106f4-cd0d-47c8-85b1-352bb6b16f0b",
   "FIELD9": ""
 },
 {
   "category": "Pantry",
   "subcategory": "Baking Supplies & Decor\n",
   "name": "365 Organic Vanilla Extract\n",
   "price": "3.99",
   "description": "2 fl oz�",
   "image": "https://d2lnr5mha7bycj.cloudfront.net/product-image/file/large_31bc6e1c-8073-40f1-a2f1-d7b5a6ca5441.jpg",
   "Image 2": "",
   "Product Link": "https://www.instacart.com/store/items/4540899?source1=aisle&source2=549&source3=549&impressionId=43d18ed4-9cea-47f1-adb5-7538e6bcb3df",
   "FIELD9": ""
 },
 {
   "category": "Pantry",
   "subcategory": "Baking Supplies & Decor\n",
   "name": "365 Semi Sweet Mini Chocolate Baking Chips\n",
   "price": "3.99",
   "description": "12 oz�",
   "image": "https://d2lnr5mha7bycj.cloudfront.net/product-image/file/large_bd7fa054-ebc5-443a-99da-0b65e49a0f7d.jpg",
   "Image 2": "",
   "Product Link": "https://www.instacart.com/store/items/4539968?source1=aisle&source2=549&source3=549&impressionId=462ab6f8-8c3b-43cd-a353-aa93eb9304bd",
   "FIELD9": ""
 },
 {
   "category": "Pantry",
   "subcategory": "Baking Supplies & Decor\n",
   "name": "365 Turbinado Raw Sugar\n",
   "price": "3.99",
   "description": "32 oz�",
   "image": "https://d2lnr5mha7bycj.cloudfront.net/product-image/file/large_e51465c0-5683-4537-8966-ca0fcde9a703.jpg",
   "Image 2": "",
   "Product Link": "https://www.instacart.com/store/items/4488257?source1=aisle&source2=549&source3=549&impressionId=5b0ef306-e5e5-48c2-a5aa-654d7db01e64",
   "FIELD9": ""
 },
 {
   "category": "Pantry",
   "subcategory": "Baking Supplies & Decor\n",
   "name": "Bob's Red Mill Finely Ground Almond Meal/Flour\n",
   "price": "12.99",
   "description": "16 oz�",
   "image": "https://d2lnr5mha7bycj.cloudfront.net/product-image/file/large_192ccfe5-b240-456c-af69-7b232388ad7a.jpg",
   "Image 2": "",
   "Product Link": "https://www.instacart.com/store/items/4482573?source1=aisle&source2=549&source3=549&impressionId=e2f72eb5-0dfe-43fd-b611-1940f48533d2",
   "FIELD9": ""
 },
 {
   "category": "Pantry",
   "subcategory": "Baking Supplies & Decor\n",
   "name": "365 Dark Chocolate Baking Chunks\n",
   "price": "4.39",
   "description": "12 oz \n",
   "image": "https://d2lnr5mha7bycj.cloudfront.net/product-image/file/large_2fae87d4-3571-4f3d-92ab-3e7559909010.jpg",
   "Image 2": "",
   "Product Link": "https://www.instacart.com/store/items/4540412?source1=aisle&source2=549&source3=549&impressionId=a217ec87-8e2b-494b-ba6a-3e909564e518",
   "FIELD9": ""
 },
 {
   "category": "Pantry",
   "subcategory": "Baking Supplies & Decor\n",
   "name": "365 100% Recycled Aluminum Foil\n",
   "price": "2.99",
   "description": "50 ft \n",
   "image": "https://d2lnr5mha7bycj.cloudfront.net/product-image/file/large_dba327ff-88f1-4af7-89c3-b1e4d94f8644.jpg",
   "Image 2": "",
   "Product Link": "https://www.instacart.com/store/items/4541970?source1=aisle&source2=549&source3=549&impressionId=eaf9358f-b30e-498b-ae34-df8a7014dab9",
   "FIELD9": ""
 },
 {
   "category": "Pantry",
   "subcategory": "Baking Supplies & Decor\n",
   "name": "King Arthur Flour 100% Organic All-Purpose Flour\n",
   "price": "4.39",
   "description": "32 oz \n",
   "image": "https://d2lnr5mha7bycj.cloudfront.net/product-image/file/large_5e87834c-a7f6-4fef-abc4-00091d962db4.jpg",
   "Image 2": "",
   "Product Link": "https://www.instacart.com/store/items/21117988?source1=aisle&source2=549&source3=549&impressionId=3e602eef-7d07-4b0b-a26f-85bbce49c3ee",
   "FIELD9": ""
 },
 {
   "category": "Pantry",
   "subcategory": "Baking Supplies & Decor\n",
   "name": "Elyon Natural Vanilla Miniature Marshmallows\n",
   "price": "4.99",
   "description": "7 oz \n",
   "image": "https://d2lnr5mha7bycj.cloudfront.net/product-image/file/large_9bc227f8-16be-43a9-9708-045e1d006d7a.jpg",
   "Image 2": "",
   "Product Link": "https://www.instacart.com/store/items/4520873?source1=aisle&source2=549&source3=549&impressionId=faa7fba5-39ea-416a-bc25-9ed48101ca1f",
   "FIELD9": ""
 },
 {
   "category": "Pantry",
   "subcategory": "Baking Supplies & Decor\n",
   "name": "If You Care Parchment Baking Paper\n",
   "price": "5.99",
   "description": "70 sq ft \n",
   "image": "https://d2lnr5mha7bycj.cloudfront.net/product-image/file/large_9ec5d748-64da-49ac-836a-fbe0983cd483.jpg",
   "Image 2": "",
   "Product Link": "https://www.instacart.com/store/items/4542585?source1=aisle&source2=549&source3=549&impressionId=7e216eb4-cde6-4523-b7a6-7c73b646a844",
   "FIELD9": ""
 },
 {
   "category": "Pantry",
   "subcategory": "Baking Supplies & Decor\n",
   "name": "Big Tree Farms Organic Coconut Sugar Blonde\n",
   "price": "5.99",
   "description": "16 oz \n",
   "image": "https://d2lnr5mha7bycj.cloudfront.net/product-image/file/large_299ca399-bd04-46c4-9e8f-b8c9d18abf25.jpg",
   "Image 2": "",
   "Product Link": "https://www.instacart.com/store/items/4542317?source1=aisle&source2=549&source3=549&impressionId=f36b3181-4e38-43c0-9373-8e14d2c2aea6",
   "FIELD9": ""
 },
 {
   "category": "Pantry",
   "subcategory": "Baking Supplies & Decor\n",
   "name": "365 White Chocolate Baking Chips\n",
   "price": "3.99",
   "description": "12 oz \n",
   "image": "https://d2lnr5mha7bycj.cloudfront.net/product-image/file/large_d25839d6-f16c-4f5f-95e8-013da123b494.jpg",
   "Image 2": "",
   "Product Link": "https://www.instacart.com/store/items/4539838?source1=aisle&source2=549&source3=549&impressionId=7cacb52b-7d31-4863-b20a-a6274f602fc7",
   "FIELD9": ""
 },
 {
   "category": "Pantry",
   "subcategory": "Baking Supplies & Decor\n",
   "name": "If You Care Certified Compostable Large Baking Cups\n",
   "price": "1.99",
   "description": "60 ct�",
   "image": "https://d2lnr5mha7bycj.cloudfront.net/product-image/file/large_f32a2078-c783-4728-a58f-188f698019f9.jpg",
   "Image 2": "",
   "Product Link": "https://www.instacart.com/store/items/4542360?source1=aisle&source2=549&source3=549&impressionId=1863f20a-6dde-4e92-acd7-148f911e3c99",
   "FIELD9": ""
 },
 {
   "category": "Pantry",
   "subcategory": "Baking Supplies & Decor\n",
   "name": "365 Cane Sugar",
   "price": "5.99",
   "description": "4 lb�",
   "image": "https://d2lnr5mha7bycj.cloudfront.net/product-image/file/large_8504e02c-854a-473e-bd20-3882bf785c92.jpg",
   "Image 2": "",
   "Product Link": "https://www.instacart.com/store/items/4476472?source1=aisle&source2=549&source3=549&impressionId=340c3962-d3fc-456f-9c3a-f5786e6dd663",
   "FIELD9": ""
 },
 {
   "category": "Meat & Seafood\n",
   "subcategory": "Meat Counter\n",
   "name": "85% Lean Ground Beef",
   "price": "6.59",
   "description": "lb",
   "image": "https://d2lnr5mha7bycj.cloudfront.net/product-image/file/large_10d1021e-3f50-4861-bc76-f0224a0085db.jpg",
   "Image 2": "",
   "Product Link": "https://www.instacart.com/store/items/22345693?source1=aisle&source2=607&source3=607&impressionId=2b82793b-985f-4dd4-af82-378185c5b363",
   "FIELD9": ""
 },
 {
   "category": "Meat & Seafood\n",
   "subcategory": "Meat Counter\n",
   "name": "Whole Foods Market Organic Grass Fed Ground Beef 85% Lean 15% Fat\n",
   "price": "10.99",
   "description": "lb",
   "image": "https://d2lnr5mha7bycj.cloudfront.net/product-image/file/large_be921ebd-eed7-4d04-856b-1830338f48df.jpg",
   "Image 2": "",
   "Product Link": "https://www.instacart.com/store/items/4479793?source1=aisle&source2=607&source3=607&impressionId=a7e05c1a-ecc5-4111-b42d-be9ad9e3c1a2",
   "FIELD9": ""
 },
 {
   "category": "Meat & Seafood\n",
   "subcategory": "Meat Counter\n",
   "name": "Grass Fed Ground Beef Brick\n",
   "price": "8.99",
   "description": "16 oz�",
   "image": "https://d2lnr5mha7bycj.cloudfront.net/product-image/file/large_0f9fc042-a770-4d12-b88d-3f7bc77538b2.jpg",
   "Image 2": "",
   "Product Link": "https://www.instacart.com/store/items/18442531?source1=aisle&source2=607&source3=607&impressionId=e89dea1d-d093-42fb-8f15-336aeb09cb7e",
   "FIELD9": ""
 },
 {
   "category": "Meat & Seafood\n",
   "subcategory": "Meat Counter\n",
   "name": "Whole Foods Market Mild Italian Pork Sausage (link)\n",
   "price": "7.69",
   "description": "lb",
   "image": "https://d2lnr5mha7bycj.cloudfront.net/product-image/file/large_70701b00-2b4e-44e8-b032-bbcfd2dae9b8.jpg",
   "Image 2": "",
   "Product Link": "https://www.instacart.com/store/items/11147788?source1=aisle&source2=607&source3=607&impressionId=2cbf40d9-b7ea-4b9f-80c8-2bb2edc3c95a",
   "FIELD9": ""
 },
 {
   "category": "Meat & Seafood\n",
   "subcategory": "Meat Counter\n",
   "name": "Country Natural Beef New York Strip Loin Steak\n",
   "price": "18.69",
   "description": "lb",
   "image": "https://d2lnr5mha7bycj.cloudfront.net/product-image/file/large_ba1df9cd-f194-4872-8177-c289ceb0c94a.jpg",
   "Image 2": "",
   "Product Link": "https://www.instacart.com/store/items/21436572?source1=aisle&source2=607&source3=607&impressionId=8d7b391c-0ee5-4eb9-b6f0-3bdba3f6e77a",
   "FIELD9": ""
 },
 {
   "category": "Meat & Seafood\n",
   "subcategory": "Meat Counter\n",
   "name": "Whole Foods Market Spicy Italian Pork Sausage (bulk)\n",
   "price": "7.69",
   "description": "lb",
   "image": "https://d2lnr5mha7bycj.cloudfront.net/product-image/file/large_9fba8720-0cb7-4f13-b3fb-99759b4e42d1.jpg",
   "Image 2": "",
   "Product Link": "https://www.instacart.com/store/items/13939315?source1=aisle&source2=607&source3=607&impressionId=62d59e25-9f63-4fc1-8b19-6122418eb11f",
   "FIELD9": ""
 },
 {
   "category": "Meat & Seafood\n",
   "subcategory": "Meat Counter\n",
   "name": "Ground Pork 85% Lean 15% Fat Non-GMO\n",
   "price": "6.59",
   "description": "lb",
   "image": "https://d2lnr5mha7bycj.cloudfront.net/product-image/file/large_22b7d567-235e-4310-9dad-69c17498d8ab.jpg",
   "Image 2": "",
   "Product Link": "https://www.instacart.com/store/items/12328564?source1=aisle&source2=607&source3=607&impressionId=aa18b369-0004-47b2-9543-b0db93a2b540",
   "FIELD9": ""
 },
 {
   "category": "Meat & Seafood\n",
   "subcategory": "Meat Counter\n",
   "name": "Country Naturals 80% Ground Beef Brick\n",
   "price": "5.99",
   "description": "16 oz�",
   "image": "https://d2lnr5mha7bycj.cloudfront.net/product-image/file/large_61d4dd21-2b07-4da4-955e-6843836d8caa.jpg",
   "Image 2": "",
   "Product Link": "https://www.instacart.com/store/items/23806023?source1=aisle&source2=607&source3=607&impressionId=0a92b927-d451-41c7-a768-8fe2dc216c5b",
   "FIELD9": ""
 },
 {
   "category": "Meat & Seafood\n",
   "subcategory": "Meat Counter\n",
   "name": "Beef Skirt Steak\n",
   "price": "13.19",
   "description": "lb",
   "image": "https://d2lnr5mha7bycj.cloudfront.net/product-image/file/large_3b0730dd-1484-463d-a3eb-26525200023d.jpg",
   "Image 2": "",
   "Product Link": "https://www.instacart.com/store/items/18939298?source1=aisle&source2=607&source3=607&impressionId=5ffbf03e-e053-438c-8984-d3e248c7278c",
   "FIELD9": ""
 },
 {
   "category": "Meat & Seafood\n",
   "subcategory": "Meat Counter\n",
   "name": "Boneless Pasture Beef Chuck Roast\n",
   "price": "7.69",
   "description": "lb",
   "image": "https://d2lnr5mha7bycj.cloudfront.net/product-image/file/large_36f3925b-c29f-426e-9de2-7e94b66e00b0.jpg",
   "Image 2": "",
   "Product Link": "https://www.instacart.com/store/items/22238735?source1=aisle&source2=607&source3=607&impressionId=8237bb03-05a8-4212-9e28-8bff48833148",
   "FIELD9": ""
 },
 {
   "category": "Meat & Seafood\n",
   "subcategory": "Meat Counter\n",
   "name": "Pasture Raised Filet Mignon Steak\n",
   "price": "32.99",
   "description": "lb",
   "image": "https://d2lnr5mha7bycj.cloudfront.net/product-image/file/large_2c7cbd22-9d81-45df-b60b-35506b26b751.jpg",
   "Image 2": "",
   "Product Link": "https://www.instacart.com/store/items/21349514?source1=aisle&source2=607&source3=607&impressionId=df3fac8a-e9ae-4172-a080-fe338d842f0c",
   "FIELD9": ""
 },
 {
   "category": "Meat & Seafood\n",
   "subcategory": "Meat Counter\n",
   "name": "Meat Pork Top Loin Center Cut Chop, Boneless Non-GMO\n",
   "price": "8.79",
   "description": "�lb",
   "image": "https://d2lnr5mha7bycj.cloudfront.net/product-image/file/large_ecebcc5d-be36-4f5b-b84f-41b90b13698d.jpg",
   "Image 2": "",
   "Product Link": "https://www.instacart.com/store/items/12330081?source1=aisle&source2=607&source3=607&impressionId=70dc6e1f-c85a-4334-98dc-2daa826b0023",
   "FIELD9": ""
 },
 {
   "category": "Meat & Seafood\n",
   "subcategory": "Meat Counter\n",
   "name": "Whole Foods Market Boneless Rib Eye Steak\n",
   "price": "20",
   "description": "Price Estimate: $20.00�($18.69/lb נ1.07�lb)",
   "image": "https://d2lnr5mha7bycj.cloudfront.net/product-image/file/large_c2515ab6-4956-4ebc-b308-80aee3e29006.jpg",
   "Image 2": "",
   "Product Link": "https://www.instacart.com/store/items/22259166?source1=aisle&source2=607&source3=607&impressionId=9c5e6aad-2cd1-4dd5-95cc-b9f81a997390",
   "FIELD9": ""
 },
 {
   "category": "Meat & Seafood\n",
   "subcategory": "Meat Counter\n",
   "name": "Bison Ground Bison\n",
   "price": "10.99",
   "description": "lb",
   "image": "https://d2lnr5mha7bycj.cloudfront.net/product-image/file/large_39de4dc1-be2a-435f-be79-7986169dca21.jpg",
   "Image 2": "",
   "Product Link": "https://www.instacart.com/store/items/21688257?source1=aisle&source2=607&source3=607&impressionId=3e8c4fbb-1aa8-4297-ab0e-faa345a4c146",
   "FIELD9": ""
 },
 {
   "category": "Meat & Seafood\n",
   "subcategory": "Meat Counter\n",
   "name": "Pasture Raised Extra Lean Beef Stew Meat\n",
   "price": "8.79",
   "description": "lb",
   "image": "https://d2lnr5mha7bycj.cloudfront.net/product-image/file/large_6e552ece-24a8-46e9-84df-9527312c47c3.jpg",
   "Image 2": "",
   "Product Link": "https://www.instacart.com/store/items/18906751?source1=aisle&source2=607&source3=607&impressionId=d041e9d3-778b-4c12-b699-d60b67bc6425",
   "FIELD9": ""
 },
 {
   "category": "Meat & Seafood\n",
   "subcategory": "Meat Counter\n",
   "name": "Meat Pork Tenderloins Whole Non Gmo\n",
   "price": "14.29",
   "description": "lb",
   "image": "https://d2lnr5mha7bycj.cloudfront.net/product-image/file/large_c2db2f8f-9592-4afb-949c-9ef2f7266847.jpg",
   "Image 2": "",
   "Product Link": "https://www.instacart.com/store/items/13237947?source1=aisle&source2=607&source3=607&impressionId=30b1a2cf-ece2-49ed-914f-c63de4ec92c2",
   "FIELD9": ""
 },
 {
   "category": "Meat & Seafood\n",
   "subcategory": "Meat Counter\n",
   "name": "Prosciutto Di Parma\n",
   "price": "29.69",
   "description": "lb",
   "image": "https://d2lnr5mha7bycj.cloudfront.net/product-image/file/large_52462d6a-d7cc-4dd0-b0a5-7fe977d958c4.jpg",
   "Image 2": "",
   "Product Link": "https://www.instacart.com/store/items/8451675?source1=aisle&source2=607&source3=607&impressionId=c61ef706-aca7-439f-ac79-20fe423f1993",
   "FIELD9": ""
 },
 {
   "category": "Meat & Seafood\n",
   "subcategory": "Meat Counter\n",
   "name": "Meat Pork Shoulder Butt Boneless Roast\n",
   "price": "7.69",
   "description": "lb",
   "image": "https://d2lnr5mha7bycj.cloudfront.net/product-image/file/large_6bd7e313-dab4-475f-bf3d-bb7f9346021d.jpg",
   "Image 2": "",
   "Product Link": "https://www.instacart.com/store/items/15528515?source1=aisle&source2=607&source3=607&impressionId=dd67831a-f667-4643-9a81-9b9382514894",
   "FIELD9": ""
 },
 {
   "category": "Meat & Seafood\n",
   "subcategory": "Meat Counter\n",
   "name": "Boneless Beef Top Loin Steak\n",
   "price": "18.69",
   "description": "lb",
   "image": "https://d2lnr5mha7bycj.cloudfront.net/product-image/file/large_0ccb4c51-e377-45b5-904f-ba2331fb0dcb.jpg",
   "Image 2": "",
   "Product Link": "https://www.instacart.com/store/items/21701071?source1=aisle&source2=607&source3=607&impressionId=57b28a49-3d2c-4a89-b8a9-721c6aab83e2",
   "FIELD9": ""
 },
 {
   "category": "Meat & Seafood\n",
   "subcategory": "Meat Counter\n",
   "name": "Beef Short Ribs\n",
   "price": "10.99",
   "description": "lb",
   "image": "https://d2lnr5mha7bycj.cloudfront.net/product-image/file/large_2f43b463-3d9f-471e-a50d-6912d2e2eb3d.jpg",
   "Image 2": "",
   "Product Link": "https://www.instacart.com/store/items/22079383?source1=aisle&source2=607&source3=607&impressionId=aa1979cb-b96c-4452-82cc-d23ab36cdb2e",
   "FIELD9": ""
 },
 {
   "category": "Meat & Seafood\n",
   "subcategory": "Poultry Counter",
   "name": "365 Organic Boneless Skinless Chicken Breasts Value Pack\n",
   "price": "35.96",
   "description": "Price Estimate: $35.96�($7.99/lb נ4.50�lb)",
   "image": "https://d2lnr5mha7bycj.cloudfront.net/product-image/file/large_d2dd41b5-0c86-4135-835a-3d988428887a.jpg",
   "Image 2": "",
   "Product Link": "https://www.instacart.com/store/items/21754883?source1=aisle&source2=613&source3=613&impressionId=b3996dc5-202b-4cfc-9736-11052e41518a",
   "FIELD9": ""
 },
 {
   "category": "Meat & Seafood\n",
   "subcategory": "Poultry Counter",
   "name": "Ground Turkey Breast\n",
   "price": "8.79",
   "description": "lb",
   "image": "https://d2lnr5mha7bycj.cloudfront.net/product-image/file/large_a03c4791-7661-41f7-8e16-4c8b10369521.jpg",
   "Image 2": "",
   "Product Link": "https://www.instacart.com/store/items/21932435?source1=aisle&source2=613&source3=613&impressionId=fa7bff10-fb56-4deb-98dd-55ae0537d506",
   "FIELD9": ""
 },
 {
   "category": "Meat & Seafood\n",
   "subcategory": "Poultry Counter",
   "name": "Organic Air Chilled Boneless Skinless Chicken Breast\n",
   "price": "10.99",
   "description": "lb",
   "image": "https://d2lnr5mha7bycj.cloudfront.net/product-image/file/large_67f9f761-0301-4852-ab50-c625405fa5b7.jpg",
   "Image 2": "",
   "Product Link": "https://www.instacart.com/store/items/21805793?source1=aisle&source2=613&source3=613&impressionId=38199c72-2851-40f4-b005-1ee27c8c98eb",
   "FIELD9": ""
 },
 {
   "category": "Meat & Seafood\n",
   "subcategory": "Poultry Counter",
   "name": "365 Organic Chicken Thigh Club Pack\n",
   "price": "5.19",
   "description": "lb",
   "image": "https://d2lnr5mha7bycj.cloudfront.net/product-image/file/large_e5f8d627-6fc4-484a-ac60-f81cb4df2007.jpg",
   "Image 2": "",
   "Product Link": "https://www.instacart.com/store/items/21371374?source1=aisle&source2=613&source3=613&impressionId=43599dcc-c419-4e3d-8c8a-7b03f3dc4575",
   "FIELD9": ""
 },
 {
   "category": "Meat & Seafood\n",
   "subcategory": "Poultry Counter",
   "name": "Whole Foods Market Organic Air Chilled Chicken Drumsticks\n",
   "price": "3.29",
   "description": "lb",
   "image": "https://d2lnr5mha7bycj.cloudfront.net/product-image/file/large_7b87206c-c2ea-401a-9ecf-49e58407e34c.jpg",
   "Image 2": "",
   "Product Link": "https://www.instacart.com/store/items/22258183?source1=aisle&source2=613&source3=613&impressionId=9aae6fe3-12ab-4ae0-9a88-4e1ded3dd0e8",
   "FIELD9": ""
 },
 {
   "category": "Meat & Seafood\n",
   "subcategory": "Poultry Counter",
   "name": "Mary's Organic Air Chilled Organic Bone In Chicken Thighs\n",
   "price": "5.49",
   "description": "lb",
   "image": "https://d2lnr5mha7bycj.cloudfront.net/product-image/file/large_29edf6de-22cd-42e0-bd3b-7220c048b63d.jpg",
   "Image 2": "",
   "Product Link": "https://www.instacart.com/store/items/24908669?source1=aisle&source2=613&source3=613&impressionId=12e809d0-8b88-4cb3-9277-c57cbb1954a0",
   "FIELD9": ""
 },
 {
   "category": "Meat & Seafood\n",
   "subcategory": "Poultry Counter",
   "name": "Mary's Free Range Whole Fryer Chicken\n",
   "price": "13",
   "description": "Price Estimate: $13.00�($3.29/lb נ3.95�lb)",
   "image": "https://d2lnr5mha7bycj.cloudfront.net/product-image/file/large_44519634-a4a4-4b42-a74e-d769a14aafa9.jpg",
   "Image 2": "",
   "Product Link": "https://www.instacart.com/store/items/8167042?source1=aisle&source2=613&source3=613&impressionId=56625a04-9404-4b63-8467-b1880d34ab81",
   "FIELD9": ""
 },
 {
   "category": "Meat & Seafood\n",
   "subcategory": "Poultry Counter",
   "name": "Mary's Free Range Bone In Split Chicken Breast\n",
   "price": "6.59",
   "description": "lb",
   "image": "https://d2lnr5mha7bycj.cloudfront.net/product-image/file/large_e4317d0d-101b-4206-ab42-d31875c5fd85.jpg",
   "Image 2": "",
   "Product Link": "https://www.instacart.com/store/items/22261767?source1=aisle&source2=613&source3=613&impressionId=ef5d2b8b-0783-45c0-a7d3-63991b434f38",
   "FIELD9": ""
 },
 {
   "category": "Meat & Seafood\n",
   "subcategory": "Poultry Counter",
   "name": "Mary's Organic Organic Air Chilled Chicken Drumsticks\n",
   "price": "4.39",
   "description": "lb",
   "image": "https://d2lnr5mha7bycj.cloudfront.net/product-image/file/large_7b82e74e-8e7b-4acf-bd41-294c3a64620b.jpg",
   "Image 2": "",
   "Product Link": "https://www.instacart.com/store/items/30218002?source1=aisle&source2=613&source3=613&impressionId=2b774645-41ca-4f01-b91d-63fd7bab5b9c",
   "FIELD9": ""
 },
 {
   "category": "Meat & Seafood\n",
   "subcategory": "Poultry Counter",
   "name": "Air Chilled Boneless Skinless Chicken Breast (Non Gmo)\n",
   "price": "7.69",
   "description": "lb",
   "image": "https://d2lnr5mha7bycj.cloudfront.net/product-image/file/large_7a9ee06a-ac24-40d2-8529-4c800395c4a8.jpg",
   "Image 2": "",
   "Product Link": "https://www.instacart.com/store/items/21539243?source1=aisle&source2=613&source3=613&impressionId=915526a6-2164-4aef-b367-642ef79d2452",
   "FIELD9": ""
 },
 {
   "category": "Meat & Seafood\n",
   "subcategory": "Poultry Counter",
   "name": "Draper Valley Farms Whole Chicken Leg, Air Chilled\n",
   "price": "3.29",
   "description": "lb",
   "image": "https://d2lnr5mha7bycj.cloudfront.net/product-image/file/large_ea2ee70e-fb34-4cd7-a394-fcc764b8fb3a.png",
   "Image 2": "",
   "Product Link": "https://www.instacart.com/store/items/22076413?source1=aisle&source2=613&source3=613&impressionId=34199f1e-9c6f-482c-a6c2-f53c363f3763",
   "FIELD9": ""
 },
 {
   "category": "Meat & Seafood\n",
   "subcategory": "Poultry Counter",
   "name": "Mary's Free Range Chicken Drumsticks\n",
   "price": "3.29",
   "description": "lb",
   "image": "https://d2lnr5mha7bycj.cloudfront.net/product-image/file/large_054fa3f5-be7e-495c-8e37-54011e3947fb.jpg",
   "Image 2": "",
   "Product Link": "https://www.instacart.com/store/items/8166583?source1=aisle&source2=613&source3=613&impressionId=94932a4d-bb37-4920-b859-aac64f7541eb",
   "FIELD9": ""
 },
 {
   "category": "Meat & Seafood\n",
   "subcategory": "Poultry Counter",
   "name": "Pine Manor Farms Organic Boneless Skinless Chicken Breasts With Rib Meat\n",
   "price": "6.26",
   "description": "Price Estimate: $6.26�($10.99/lb נ0.57�lb)",
   "image": "https://d2lnr5mha7bycj.cloudfront.net/product-image/file/large_44ab8081-405f-4520-bc99-7fc918a37d09.jpg",
   "Image 2": "",
   "Product Link": "https://www.instacart.com/store/items/22352880?source1=aisle&source2=613&source3=613&impressionId=77c0e8dd-9c20-4ee5-bf9d-35550bab509f",
   "FIELD9": ""
 },
 {
   "category": "Meat & Seafood\n",
   "subcategory": "Poultry Counter",
   "name": "Whole Foods Market Boneless Air Chilled Chicken Breast\n",
   "price": "8.79",
   "description": "lb",
   "image": "https://d2lnr5mha7bycj.cloudfront.net/product-image/file/large_428070c6-8ce0-402c-a3b0-f7222fb09d3c.jpg",
   "Image 2": "",
   "Product Link": "https://www.instacart.com/store/items/8350259?source1=aisle&source2=613&source3=613&impressionId=0aecad7d-ea5a-488b-b79b-6b4c7cc094d4",
   "FIELD9": ""
 },
 {
   "category": "Meat & Seafood\n",
   "subcategory": "Poultry Counter",
   "name": "Mary's Organic Boneless Skinless Thigh Tray\n",
   "price": "7.69",
   "description": "lb",
   "image": "https://d2lnr5mha7bycj.cloudfront.net/product-image/file/large_2142e128-3e73-4412-98ab-0afb41a2a721.jpg",
   "Image 2": "",
   "Product Link": "https://www.instacart.com/store/items/8166526?source1=aisle&source2=613&source3=613&impressionId=94926cb7-ff6b-4780-9bf1-1ac37c73959f",
   "FIELD9": ""
 },
 {
   "category": "Meat & Seafood\n",
   "subcategory": "Poultry Counter",
   "name": "In House Skewer Chicken Plain\n",
   "price": "10.99",
   "description": "lb",
   "image": "https://d2lnr5mha7bycj.cloudfront.net/product-image/file/large_3c9c00d8-cf6c-478b-8445-273327341a77.jpg",
   "Image 2": "",
   "Product Link": "https://www.instacart.com/store/items/29928978?source1=aisle&source2=613&source3=613&impressionId=3030bb65-ce20-4217-81ae-111541b2aa57",
   "FIELD9": ""
 },
 {
   "category": "Meat & Seafood\n",
   "subcategory": "Poultry Counter",
   "name": "Organic Chicken Thighs\n",
   "price": "5.49",
   "description": "lb",
   "image": "https://d2lnr5mha7bycj.cloudfront.net/product-image/file/large_be4d50cf-022a-4c3e-b134-c07355ec9b1f.jpg",
   "Image 2": "",
   "Product Link": "https://www.instacart.com/store/items/22199434?source1=aisle&source2=613&source3=613&impressionId=8370334c-3252-49d1-a84b-4a625eebe23b",
   "FIELD9": ""
 },
 {
   "category": "Meat & Seafood\n",
   "subcategory": "Poultry Counter",
   "name": "Eberly Chicken Liver Organic\n",
   "price": "3.89",
   "description": "lb",
   "image": "https://d2lnr5mha7bycj.cloudfront.net/product-image/file/large_c7e0d4c1-91d3-47d3-b39a-f91a3f19d626.jpg",
   "Image 2": "",
   "Product Link": "https://www.instacart.com/store/items/22068340?source1=aisle&source2=613&source3=613&impressionId=afb10415-c4f8-44b9-ad83-a237629a6a00",
   "FIELD9": ""
 },
 {
   "category": "Meat & Seafood\n",
   "subcategory": "Poultry Counter",
   "name": "Yakiniku Marinated Chicken Satay\n",
   "price": "12.09",
   "description": "lb",
   "image": "https://d2lnr5mha7bycj.cloudfront.net/product-image/file/large_6b8a8e2b-2a1a-4627-be7a-89551b0a4aef.jpg",
   "Image 2": "",
   "Product Link": "https://www.instacart.com/store/items/29928844?source1=aisle&source2=613&source3=613&impressionId=99989f66-2dc1-4697-8533-89136e8ca709",
   "FIELD9": ""
 },
 {
   "category": "Meat & Seafood\n",
   "subcategory": "Poultry Counter",
   "name": "Whole Foods Market Organic Air Chilled Step 3 Whole Fryer\n",
   "price": "4.39",
   "description": "lb",
   "image": "https://d2lnr5mha7bycj.cloudfront.net/product-image/file/large_9b5ab359-f9ac-466a-be18-683c4471a3df.jpg",
   "Image 2": "",
   "Product Link": "https://www.instacart.com/store/items/13130787?source1=aisle&source2=613&source3=613&impressionId=fbdcbaf0-d013-4439-825b-a38e4853a07e",
   "FIELD9": ""
 },
 {
   "category": "Meat & Seafood\n",
   "subcategory": "Seafood Counter\n",
   "name": "Atlantic Salmon Fillet, Farm Raised\n",
   "price": "15.39",
   "description": "lb",
   "image": "https://d2lnr5mha7bycj.cloudfront.net/product-image/file/large_ff27b4aa-ffd6-4dd2-b344-c7eabb79b2ab.jpg",
   "Image 2": "",
   "Product Link": "https://www.instacart.com/store/items/22389544?source1=aisle&source2=612&source3=612&impressionId=8390a1ff-cb7e-45a5-a50e-2c39a1048cd0",
   "FIELD9": ""
 },
 {
   "category": "Meat & Seafood\n",
   "subcategory": "Seafood Counter\n",
   "name": "Peeled and Deveined Raw White Shrimps 26/30, Farm Raised\n",
   "price": "16.49",
   "description": "lb",
   "image": "https://d2lnr5mha7bycj.cloudfront.net/product-image/file/large_673195ba-7a1b-4947-a8d4-2af4f6c965ac.jpg",
   "Image 2": "",
   "Product Link": "https://www.instacart.com/store/items/13868745?source1=aisle&source2=612&source3=612&impressionId=7d1b5608-a7db-4a4b-a5ff-ae9954ff50e4",
   "FIELD9": ""
 },
 {
   "category": "Meat & Seafood\n",
   "subcategory": "Seafood Counter\n",
   "name": "Tilapia Filet, Farm Raised\n",
   "price": "9.89",
   "description": "lb",
   "image": "https://d2lnr5mha7bycj.cloudfront.net/product-image/file/large_8c59fe0b-cb17-4937-b3df-a491b4c22513.jpg",
   "Image 2": "",
   "Product Link": "https://www.instacart.com/store/items/21915757?source1=aisle&source2=612&source3=612&impressionId=7bb05837-fd3c-4b00-bc8b-dcf09e71439c",
   "FIELD9": ""
 },
 {
   "category": "Meat & Seafood\n",
   "subcategory": "Seafood Counter\n",
   "name": "Fresh King Salmon Fillet, Wild Caught\n",
   "price": "32.99",
   "description": "�lb",
   "image": "https://d2lnr5mha7bycj.cloudfront.net/product-image/file/large_848169d3-6193-4edc-a738-033ca42f9d85.jpg",
   "Image 2": "",
   "Product Link": "https://www.instacart.com/store/items/13140745?source1=aisle&source2=612&source3=612&impressionId=c1060f66-c696-4be1-becb-23daad775d6c",
   "FIELD9": ""
 },
 {
   "category": "Meat & Seafood\n",
   "subcategory": "Seafood Counter\n",
   "name": "Wild White Shrimp 16/20 Count\n",
   "price": "16.49",
   "description": "lb",
   "image": "https://d2lnr5mha7bycj.cloudfront.net/product-image/file/large_d33818d5-7cad-4d2a-a31a-49b7d01a3b9f.jpg",
   "Image 2": "",
   "Product Link": "https://www.instacart.com/store/items/21498447?source1=aisle&source2=612&source3=612&impressionId=4d809cc7-e04c-44ed-8c7f-df0d4fb2d987",
   "FIELD9": ""
 },
 {
   "category": "Meat & Seafood\n",
   "subcategory": "Seafood Counter\n",
   "name": "Chilean Sea Bass Fillet Skin On\n",
   "price": "32.99",
   "description": "�lb",
   "image": "https://d2lnr5mha7bycj.cloudfront.net/product-image/file/large_e366965f-04e7-4f23-93a7-7f859e2c232f.jpg",
   "Image 2": "",
   "Product Link": "https://www.instacart.com/store/items/21631606?source1=aisle&source2=612&source3=612&impressionId=9d71379e-0ec3-4563-9a2f-3ccfc29711ef",
   "FIELD9": ""
 },
 {
   "category": "Meat & Seafood\n",
   "subcategory": "Seafood Counter\n",
   "name": "Whole Catch Raw Shrimp Tail On Peeled and Deveined 31/40 Scrimp per Pound\n",
   "price": "13.99",
   "description": "16 oz�",
   "image": "https://d2lnr5mha7bycj.cloudfront.net/product-image/file/large_aa623047-9821-45b4-ae44-afa584039401.jpg",
   "Image 2": "",
   "Product Link": "https://www.instacart.com/store/items/27988652?source1=aisle&source2=612&source3=612&impressionId=d2bf5093-ea76-486f-b59f-a9549e21beec",
   "FIELD9": ""
 },
 {
   "category": "Meat & Seafood\n",
   "subcategory": "Seafood Counter\n",
   "name": "Coho Salmon\n",
   "price": "16.49",
   "description": "lb",
   "image": "https://d2lnr5mha7bycj.cloudfront.net/product-image/file/large_710ab782-1007-4781-85bb-718c0324330d.jpg",
   "Image 2": "",
   "Product Link": "https://www.instacart.com/store/items/18910799?source1=aisle&source2=612&source3=612&impressionId=cd492ef4-aa52-476b-b5ec-89b3ef91b728",
   "FIELD9": ""
 },
 {
   "category": "Meat & Seafood\n",
   "subcategory": "Seafood Counter\n",
   "name": "Swordfish Steak\n",
   "price": "21.99",
   "description": "lb",
   "image": "https://d2lnr5mha7bycj.cloudfront.net/product-image/file/large_7832fd59-b57b-412a-9c9b-c1d173049df3.jpg",
   "Image 2": "",
   "Product Link": "https://www.instacart.com/store/items/13941562?source1=aisle&source2=612&source3=612&impressionId=09794526-7758-45a7-9b51-b6725fb152f8",
   "FIELD9": ""
 },
 {
   "category": "Meat & Seafood\n",
   "subcategory": "Seafood Counter\n",
   "name": "Marine Stewardship Council Halibut Fillets\n",
   "price": "27.49",
   "description": " lb",
   "image": "https://d2lnr5mha7bycj.cloudfront.net/product-image/file/large_c8566485-de7b-40a0-8412-9ad70080d9ce.jpg",
   "Image 2": "",
   "Product Link": "https://www.instacart.com/store/items/21583290?source1=aisle&source2=612&source3=612&impressionId=a708b47b-5fe9-4a70-b4e9-f2086ad8a7c7",
   "FIELD9": ""
 },
 {
   "category": "Meat & Seafood\n",
   "subcategory": "Seafood Counter\n",
   "name": "365 by Whole Foods Market Atlantic Farm Raised Salmon Fillet\n",
   "price": "14.29",
   "description": "lb",
   "image": "https://d2lnr5mha7bycj.cloudfront.net/product-image/file/large_9712b784-b668-4da5-a234-4d0b0c59e30f.jpg",
   "Image 2": "",
   "Product Link": "https://www.instacart.com/store/items/56380044?source1=aisle&source2=612&source3=612&impressionId=183222f0-764a-4bf1-8808-6a9c6d829e13",
   "FIELD9": ""
 },
 {
   "category": "Meat & Seafood\n",
   "subcategory": "Seafood Counter\n",
   "name": "Norwegian Salmon Fillet\n",
   "price": "14.29",
   "description": "lb",
   "image": "https://d2lnr5mha7bycj.cloudfront.net/product-image/file/large_7bcf5720-a2e8-494e-8864-716c1190e294.jpg",
   "Image 2": "",
   "Product Link": "https://www.instacart.com/store/items/18705753?source1=aisle&source2=612&source3=612&impressionId=e319020c-cc8c-4082-9d24-d0d418838511",
   "FIELD9": ""
 },
 {
   "category": "Meat & Seafood\n",
   "subcategory": "Seafood Counter\n",
   "name": "Whole Foods Market Pacific Dover Sole Fillets\n",
   "price": "9.89",
   "description": "lb",
   "image": "https://d2lnr5mha7bycj.cloudfront.net/product-image/file/large_725db8f8-e9b5-49f5-99f7-2966c3494bfe.jpg",
   "Image 2": "",
   "Product Link": "https://www.instacart.com/store/items/21595783?source1=aisle&source2=612&source3=612&impressionId=98c98708-ad24-4adc-9036-e25c8549b8d7",
   "FIELD9": ""
 },
 {
   "category": "Meat & Seafood\n",
   "subcategory": "Seafood Counter\n",
   "name": "Seafood North Atlantic Scallops Value Size Pack",
   "price": "28.99",
   "description": "24 oz�",
   "image": "https://d2lnr5mha7bycj.cloudfront.net/product-image/file/large_283e92e4-7e42-4f8a-a67d-2ad48cee8fff.jpg",
   "Image 2": "",
   "Product Link": "https://www.instacart.com/store/items/31750465?source1=aisle&source2=612&source3=612&impressionId=b46fe8e6-e1ee-41c3-8a2d-77748fde0314",
   "FIELD9": ""
 },
 {
   "category": "Meat & Seafood\n",
   "subcategory": "Seafood Counter\n",
   "name": "Shrimp Rtc Rte Oregon Shrimpmeat\n",
   "price": "9.89",
   "description": "lb",
   "image": "https://d2lnr5mha7bycj.cloudfront.net/product-image/file/large_60526683-5208-4063-a117-d045cd7153a8.jpg",
   "Image 2": "",
   "Product Link": "https://www.instacart.com/store/items/4578698?source1=aisle&source2=612&source3=612&impressionId=09c00d11-79b7-4e6a-a510-262b8cc6c7eb",
   "FIELD9": ""
 },
 {
   "category": "Meat & Seafood\n",
   "subcategory": "Seafood Counter\n",
   "name": "Whole Foods Market Wild Frozen Salmon Fillets\n",
   "price": "16.49",
   "description": "lb",
   "image": "https://d2lnr5mha7bycj.cloudfront.net/product-image/file/large_627e93da-10fa-454c-b50f-4947f9300900.jpg",
   "Image 2": "",
   "Product Link": "https://www.instacart.com/store/items/53120327?source1=aisle&source2=612&source3=612&impressionId=d8710e54-448f-4a38-91fd-b82517a94ad5",
   "FIELD9": ""
 },
 {
   "category": "Meat & Seafood\n",
   "subcategory": "Seafood Counter\n",
   "name": "Whole Foods Market MSC Sea Scallops\n",
   "price": "30.79",
   "description": "lb",
   "image": "https://d2lnr5mha7bycj.cloudfront.net/product-image/file/large_896c06f3-d24f-4cfe-a82a-d367da58db2e.jpg",
   "Image 2": "",
   "Product Link": "https://www.instacart.com/store/items/18671346?source1=aisle&source2=612&source3=612&impressionId=441e4075-2ccd-4d2e-91d8-81eb12ee4e50",
   "FIELD9": ""
 },
 {
   "category": "Meat & Seafood\n",
   "subcategory": "Seafood Counter\n",
   "name": "Wild Caught Sable Fillet\n",
   "price": "21.99",
   "description": "lb",
   "image": "https://d2lnr5mha7bycj.cloudfront.net/product-image/file/large_4d99a666-59f2-49ce-b5eb-cbbab4933758.jpg",
   "Image 2": "",
   "Product Link": "https://www.instacart.com/store/items/22220365?source1=aisle&source2=612&source3=612&impressionId=dd53cd99-a0d3-4156-a40f-cddee8ddddb9",
   "FIELD9": ""
 },
 {
   "category": "Meat & Seafood\n",
   "subcategory": "Seafood Counter\n",
   "name": "Lobster Tails",
   "price": "7.99",
   "description": "",
   "image": "https://d2lnr5mha7bycj.cloudfront.net/product-image/file/large_4e4eb3be-479b-4d69-b230-5b9e46dca00a.jpg",
   "Image 2": "",
   "Product Link": "https://www.instacart.com/store/items/22376139?source1=aisle&source2=612&source3=612&impressionId=ecb329f5-ea81-4db3-ab7e-721e3ecce152",
   "FIELD9": ""
 },
 {
   "category": "Meat & Seafood\n",
   "subcategory": "Seafood Counter\n",
   "name": "Wild Fresh Whole American Red Snapper\n",
   "price": "16.49",
   "description": "lb",
   "image": "https://d2lnr5mha7bycj.cloudfront.net/product-image/file/large_470a45bd-6720-491b-9c91-4bdd7c6ee0c6.jpg",
   "Image 2": "",
   "Product Link": "https://www.instacart.com/store/items/26930582?source1=aisle&source2=612&source3=612&impressionId=271a9f90-96b5-4e8f-98e5-2a2e281be913",
   "FIELD9": ""
 },
 {
   "category": "Meat & Seafood\n",
   "subcategory": "Packaged Meat\n",
   "name": "Grass Fed Ground Beef Brick\n",
   "price": "8.99",
   "description": "16 oz�",
   "image": "https://d2lnr5mha7bycj.cloudfront.net/product-image/file/large_0f9fc042-a770-4d12-b88d-3f7bc77538b2.jpg",
   "Image 2": "",
   "Product Link": "https://www.instacart.com/store/items/18442531?source1=aisle&source2=609&source3=609&impressionId=52850fd5-418d-4706-a9ca-672db305d5f7",
   "FIELD9": ""
 },
 {
   "category": "Meat & Seafood\n",
   "subcategory": "Packaged Meat\n",
   "name": "Nature's Rancher Ground Buffalo\n",
   "price": "9.99",
   "description": "16 oz�",
   "image": "https://d2lnr5mha7bycj.cloudfront.net/product-image/file/large_86031f74-1a86-404b-b364-36a47204d4c8.jpg",
   "Image 2": "",
   "Product Link": "https://www.instacart.com/store/items/4506998?source1=aisle&source2=609&source3=609&impressionId=0018fed5-106a-4925-8ec3-6146c96d7946",
   "FIELD9": ""
 },
 {
   "category": "Meat & Seafood\n",
   "subcategory": "Packaged Meat\n",
   "name": "Wellshire Farms Sugar Free Dry Rubbed Sliced Uncured Bacon\n",
   "price": "6.99",
   "description": "8 oz�",
   "image": "https://d2lnr5mha7bycj.cloudfront.net/product-image/file/large_0018c4b4-2976-4362-b693-2d61a65d0718.jpg",
   "Image 2": "",
   "Product Link": "https://www.instacart.com/store/items/18560948?source1=aisle&source2=609&source3=609&impressionId=7c1de423-1d2b-4e2b-8bdd-57dbf31ea824",
   "FIELD9": ""
 },
 {
   "category": "Meat & Seafood\n",
   "subcategory": "Packaged Meat\n",
   "name": "Whole Foods Market Boneless Rib Eye Steak\n",
   "price": "20",
   "description": "Price Estimate: $20.00�($18.69/lb נ1.07�lb)",
   "image": "https://d2lnr5mha7bycj.cloudfront.net/product-image/file/large_c2515ab6-4956-4ebc-b308-80aee3e29006.jpg",
   "Image 2": "",
   "Product Link": "https://www.instacart.com/store/items/22259166?source1=aisle&source2=609&source3=609&impressionId=96d4b19c-6319-411a-9071-0a073c4bcb6e",
   "FIELD9": ""
 },
 {
   "category": "Meat & Seafood\n",
   "subcategory": "Packaged Meat\n",
   "name": "Bison Ground Bison\n",
   "price": "10.99",
   "description": "lb",
   "image": "https://d2lnr5mha7bycj.cloudfront.net/product-image/file/large_39de4dc1-be2a-435f-be79-7986169dca21.jpg",
   "Image 2": "",
   "Product Link": "https://www.instacart.com/store/items/21688257?source1=aisle&source2=609&source3=609&impressionId=4212246d-6684-4a7f-9839-83be91bbeb41",
   "FIELD9": ""
 },
 {
   "category": "Meat & Seafood\n",
   "subcategory": "Packaged Meat\n",
   "name": "365 Uncured Beef Hot Dogs\n",
   "price": "5.99",
   "description": "16 oz�",
   "image": "https://d2lnr5mha7bycj.cloudfront.net/product-image/file/large_fbe3b2fc-68a3-4ea6-8948-5273121e8741.jpg",
   "Image 2": "",
   "Product Link": "https://www.instacart.com/store/items/31988161?source1=aisle&source2=609&source3=609&impressionId=fb1a433c-8469-4a98-aaed-9fe34bbf8be7",
   "FIELD9": ""
 },
 {
   "category": "Meat & Seafood\n",
   "subcategory": "Packaged Meat\n",
   "name": "Pasture Raised Extra Lean Beef Stew Meat\n",
   "price": "8.79",
   "description": "lb",
   "image": "https://d2lnr5mha7bycj.cloudfront.net/product-image/file/large_6e552ece-24a8-46e9-84df-9527312c47c3.jpg",
   "Image 2": "",
   "Product Link": "https://www.instacart.com/store/items/18906751?source1=aisle&source2=609&source3=609&impressionId=0812bda1-c20b-4cae-ab5b-7eada63722ed",
   "FIELD9": ""
 },
 {
   "category": "Meat & Seafood\n",
   "subcategory": "Packaged Meat\n",
   "name": "Boneless Beef Top Loin Steak\n",
   "price": "18.69",
   "description": "lb",
   "image": "https://d2lnr5mha7bycj.cloudfront.net/product-image/file/large_0ccb4c51-e377-45b5-904f-ba2331fb0dcb.jpg",
   "Image 2": "",
   "Product Link": "https://www.instacart.com/store/items/21701071?source1=aisle&source2=609&source3=609&impressionId=ec242e48-6028-4fd6-888b-d2ae0a5f9ad1",
   "FIELD9": ""
 },
 {
   "category": "Meat & Seafood\n",
   "subcategory": "Packaged Meat\n",
   "name": "Organic Extra Lean Ground Beef\n",
   "price": "20.58",
   "description": "Price Estimate: $20.58�($13.19/lb נ1.56�lb)",
   "image": "https://d2lnr5mha7bycj.cloudfront.net/product-image/file/large_76d15502-f042-48a2-8432-1492ef470c61.jpg",
   "Image 2": "",
   "Product Link": "https://www.instacart.com/store/items/4505744?source1=aisle&source2=609&source3=609&impressionId=cc9d6fb1-8a5f-4ac9-96d3-613beaf31a0e",
   "FIELD9": ""
 },
 {
   "category": "Meat & Seafood\n",
   "subcategory": "Packaged Meat\n",
   "name": "Air Chilled Boneless Skinless Chicken Breast (Non Gmo)\n",
   "price": "7.69",
   "description": "lb",
   "image": "https://d2lnr5mha7bycj.cloudfront.net/product-image/file/large_7a9ee06a-ac24-40d2-8529-4c800395c4a8.jpg",
   "Image 2": "",
   "Product Link": "https://www.instacart.com/store/items/21539243?source1=aisle&source2=609&source3=609&impressionId=03ceacb2-cf5e-48ba-8a47-04aa1bc45854",
   "FIELD9": ""
 },
 {
   "category": "Meat & Seafood\n",
   "subcategory": "Packaged Meat\n",
   "name": "Organic 93% Lean Grass Fed Ground Beef\n",
   "price": "10.99",
   "description": "16 oz \n",
   "image": "https://d2lnr5mha7bycj.cloudfront.net/product-image/file/large_238a4d0f-3526-4ee9-bccc-161fdc02c07a.jpg",
   "Image 2": "",
   "Product Link": "https://www.instacart.com/store/items/95464302?source1=aisle&source2=609&source3=609&impressionId=17c25bbe-460b-4425-a63c-f3b06c1cddc7",
   "FIELD9": ""
 },
 {
   "category": "Meat & Seafood\n",
   "subcategory": "Packaged Meat\n",
   "name": "Ground Veal\n",
   "price": "5.93",
   "description": "Price Estimate: $5.93�($9.89/lb נ0.60�lb)",
   "image": "https://d2lnr5mha7bycj.cloudfront.net/product-image/file/large_906a5e51-0adb-41ce-9cca-aae9b07a30ed.jpg",
   "Image 2": "",
   "Product Link": "https://www.instacart.com/store/items/21897195?source1=aisle&source2=609&source3=609&impressionId=b8d97076-e5d6-4711-bde7-a95e2f847bb7",
   "FIELD9": ""
 },
 {
   "category": "Meat & Seafood\n",
   "subcategory": "Packaged Meat\n",
   "name": "Global Animal Partnership Beef Ground Chuck 85% Lean\n",
   "price": "5.54",
   "description": "Price Estimate: $5.54�($6.59/lb נ0.84�lb)",
   "image": "https://d2lnr5mha7bycj.cloudfront.net/product-image/file/large_6cf70009-21e6-40ce-9adc-6d410a00b8d7.jpg",
   "Image 2": "",
   "Product Link": "https://www.instacart.com/store/items/4490489?source1=aisle&source2=609&source3=609&impressionId=ebfb8195-007e-4243-a3df-b5743804649c",
   "FIELD9": ""
 },
 {
   "category": "Meat & Seafood\n",
   "subcategory": "Packaged Meat\n",
   "name": "Grass Fed Flank Steak\n",
   "price": "18.69",
   "description": "lb",
   "image": "https://d2lnr5mha7bycj.cloudfront.net/product-image/file/large_53d64fe1-9fa3-4be8-ab8e-1c00b57f0ac0.jpg",
   "Image 2": "",
   "Product Link": "https://www.instacart.com/store/items/22028534?source1=aisle&source2=609&source3=609&impressionId=bc76153f-b560-42c7-a60d-e560330dd14f",
   "FIELD9": ""
 },
 {
   "category": "Meat & Seafood\n",
   "subcategory": "Packaged Meat\n",
   "name": "Creminelli Tartufo Salami\n",
   "price": "14.99",
   "description": "6 oz�",
   "image": "https://d2lnr5mha7bycj.cloudfront.net/product-image/file/large_bcbbeaed-f97c-4c29-8be7-6d035afac255.jpg",
   "Image 2": "",
   "Product Link": "https://www.instacart.com/store/items/8196965?source1=aisle&source2=609&source3=609&impressionId=80e595f7-9b15-4f42-a9a8-0346e8770fba",
   "FIELD9": ""
 },
 {
   "category": "Meat & Seafood\n",
   "subcategory": "Packaged Meat\n",
   "name": "Organic Grass Beef Tenderloins\n",
   "price": "36.29",
   "description": "lb",
   "image": "https://d2lnr5mha7bycj.cloudfront.net/product-image/file/large_909a1b34-c932-40d0-86cd-252216210960.jpg",
   "Image 2": "",
   "Product Link": "https://www.instacart.com/store/items/19063671?source1=aisle&source2=609&source3=609&impressionId=46a256b1-8a34-41ae-bdc5-5511d59478b7",
   "FIELD9": ""
 },
 {
   "category": "Meat & Seafood\n",
   "subcategory": "Packaged Meat\n",
   "name": "90% Ground Sirloin Beef\n",
   "price": "8.79",
   "description": "lb",
   "image": "https://d2lnr5mha7bycj.cloudfront.net/product-image/file/large_71fd9af2-8c5e-41cf-8ddb-d52c9e69e221.jpg",
   "Image 2": "",
   "Product Link": "https://www.instacart.com/store/items/26141476?source1=aisle&source2=609&source3=609&impressionId=b604bffd-f634-4d8c-ac33-e37a83c5e499",
   "FIELD9": ""
 },
 {
   "category": "Meat & Seafood\n",
   "subcategory": "Packaged Meat\n",
   "name": "Country Natural Beef Co Op Pasture Raised Beef Top Sirloin Steak \" Chateaubriand\"\n",
   "price": "10.99",
   "description": "lb",
   "image": "https://d2lnr5mha7bycj.cloudfront.net/product-image/file/large_f308af7c-1af7-47c4-85ff-c9ceb3a7c679.jpg",
   "Image 2": "",
   "Product Link": "https://www.instacart.com/store/items/4604636?source1=aisle&source2=609&source3=609&impressionId=c3553320-e469-4a61-bdaa-e835807c8cbe",
   "FIELD9": ""
 },
 {
   "category": "Meat & Seafood\n",
   "subcategory": "Packaged Meat\n",
   "name": "Creminelli Barolo Salami\n",
   "price": "14.99",
   "description": "6 oz",
   "image": "https://d2lnr5mha7bycj.cloudfront.net/product-image/file/large_79f5c6c2-f5e0-477c-8919-6288e4cfcd93.jpg",
   "Image 2": "",
   "Product Link": "https://www.instacart.com/store/items/8252567?source1=aisle&source2=609&source3=609&impressionId=9dcb66bd-ec53-4e95-99fa-7cd237ec90a6",
   "FIELD9": ""
 },
 {
   "category": "Meat & Seafood\n",
   "subcategory": "Packaged Meat\n",
   "name": "Fork in the Road Fork In The Road Mighty Good Dogs",
   "price": "6.99",
   "description": "12 oz�",
   "image": "https://d2lnr5mha7bycj.cloudfront.net/product-image/file/large_8e041e08-c79b-4fd5-8a75-d64af2122593.jpg",
   "Image 2": "",
   "Product Link": "https://www.instacart.com/store/items/4503589?source1=aisle&source2=609&source3=609&impressionId=8d1990cd-57f5-48e7-b719-fff11ca09459",
   "FIELD9": ""
 },
 {
   "category": "Meat & Seafood\n",
   "subcategory": "Packaged Poultry\n",
   "name": "365 Organic Boneless Skinless Chicken Breasts Value Pack\n",
   "price": "35.96",
   "description": "Price Estimate: $35.96�($7.99/lb נ4.50�lb)",
   "image": "https://d2lnr5mha7bycj.cloudfront.net/product-image/file/large_d2dd41b5-0c86-4135-835a-3d988428887a.jpg",
   "Image 2": "",
   "Product Link": "https://www.instacart.com/store/items/21754883?source1=aisle&source2=611&source3=611&impressionId=a32fb994-8c4c-4614-b42d-e840811ffe09",
   "FIELD9": ""
 },
 {
   "category": "Meat & Seafood\n",
   "subcategory": "Packaged Poultry\n",
   "name": "Ground Turkey Breast\n",
   "price": "8.79",
   "description": "lb",
   "image": "https://d2lnr5mha7bycj.cloudfront.net/product-image/file/large_a03c4791-7661-41f7-8e16-4c8b10369521.jpg",
   "Image 2": "",
   "Product Link": "https://www.instacart.com/store/items/21932435?source1=aisle&source2=611&source3=611&impressionId=7ba482da-063e-43cb-9def-03467f379be1",
   "FIELD9": ""
 },
 {
   "category": "Meat & Seafood\n",
   "subcategory": "Packaged Poultry\n",
   "name": "Organic Air Chilled Boneless Skinless Chicken Breast\n",
   "price": "10.99",
   "description": "lb",
   "image": "https://d2lnr5mha7bycj.cloudfront.net/product-image/file/large_67f9f761-0301-4852-ab50-c625405fa5b7.jpg",
   "Image 2": "",
   "Product Link": "https://www.instacart.com/store/items/21805793?source1=aisle&source2=611&source3=611&impressionId=6083474f-7a22-465c-816f-3693ddaf578c",
   "FIELD9": ""
 },
 {
   "category": "Meat & Seafood\n",
   "subcategory": "Packaged Poultry\n",
   "name": "365 Organic Chicken Thigh Club Pack\n",
   "price": "5.19",
   "description": "lb",
   "image": "https://d2lnr5mha7bycj.cloudfront.net/product-image/file/large_e5f8d627-6fc4-484a-ac60-f81cb4df2007.jpg",
   "Image 2": "",
   "Product Link": "https://www.instacart.com/store/items/21371374?source1=aisle&source2=611&source3=611&impressionId=cd7f4f44-8fff-4839-bd71-bd449df04883",
   "FIELD9": ""
 },
 {
   "category": "Meat & Seafood\n",
   "subcategory": "Packaged Poultry\n",
   "name": "Whole Foods Market Organic Air Chilled Chicken Drumsticks\n",
   "price": "3.29",
   "description": " lb",
   "image": "https://d2lnr5mha7bycj.cloudfront.net/product-image/file/large_7b87206c-c2ea-401a-9ecf-49e58407e34c.jpg",
   "Image 2": "",
   "Product Link": "https://www.instacart.com/store/items/22258183?source1=aisle&source2=611&source3=611&impressionId=f3419e3a-2b48-4c53-bf15-6ad8f413ba95",
   "FIELD9": ""
 },
 {
   "category": "Meat & Seafood\n",
   "subcategory": "Packaged Poultry\n",
   "name": "Mary's Organic Air Chilled Organic Bone In Chicken Thighs\n",
   "price": "5.49",
   "description": "lb",
   "image": "https://d2lnr5mha7bycj.cloudfront.net/product-image/file/large_29edf6de-22cd-42e0-bd3b-7220c048b63d.jpg",
   "Image 2": "",
   "Product Link": "https://www.instacart.com/store/items/24908669?source1=aisle&source2=611&source3=611&impressionId=37de4926-b35c-438f-8ed6-f1d6d69c002e",
   "FIELD9": ""
 },
 {
   "category": "Meat & Seafood\n",
   "subcategory": "Packaged Poultry\n",
   "name": "365 Mild Italian Chicken Sausage\n",
   "price": "5.99",
   "description": "14 oz \n",
   "image": "https://d2lnr5mha7bycj.cloudfront.net/product-image/file/large_a4dfc22b-1134-4284-ae1f-04d9e28bcba1.jpg",
   "Image 2": "",
   "Product Link": "https://www.instacart.com/store/items/7400462?source1=aisle&source2=611&source3=611&impressionId=daf48ecc-6724-47f3-b33d-b2414fed09e4",
   "FIELD9": ""
 },
 {
   "category": "Meat & Seafood\n",
   "subcategory": "Packaged Poultry\n",
   "name": "Brat Hans Organic Chicken Breast Strips\n",
   "price": "7.99",
   "description": "8 oz�",
   "image": "https://d2lnr5mha7bycj.cloudfront.net/product-image/file/large_64658aa3-3c41-4f2a-a601-d16301070a7c.jpg",
   "Image 2": "",
   "Product Link": "https://www.instacart.com/store/items/29488222?source1=aisle&source2=611&source3=611&impressionId=39e66630-39de-48ca-8e75-14cf558a7527",
   "FIELD9": ""
 },
 {
   "category": "Meat & Seafood\n",
   "subcategory": "Packaged Poultry\n",
   "name": "Wellshire Farms Smoked Fresh Turkey Kielbasa\n",
   "price": "6.99",
   "description": "12 oz�",
   "image": "https://d2lnr5mha7bycj.cloudfront.net/product-image/file/large_ac8dd4f5-74e1-4689-888e-437ce5ca3302.jpg",
   "Image 2": "",
   "Product Link": "https://www.instacart.com/store/items/4491682?source1=aisle&source2=611&source3=611&impressionId=cfb8f871-e4ee-4028-ae26-d26664f84e4a",
   "FIELD9": ""
 },
 {
   "category": "Meat & Seafood\n",
   "subcategory": "Packaged Poultry\n",
   "name": "365 Boneless Skinless Chicken Breasts Value Pack\n",
   "price": "17.37",
   "description": "Price Estimate: $17.37 ($5.79/lb � 3.00 lb)",
   "image": "https://d2lnr5mha7bycj.cloudfront.net/product-image/file/large_c06f625d-6c5b-4cca-915f-488f0e923c62.jpg",
   "Image 2": "",
   "Product Link": "https://www.instacart.com/store/items/31739862?source1=aisle&source2=611&source3=611&impressionId=aa45efd7-3c76-4393-b0fe-25af612ce61e",
   "FIELD9": ""
 },
 {
   "category": "Meat & Seafood\n",
   "subcategory": "Packaged Poultry\n",
   "name": "Diestel Organic Roasted Sliced Turkey Breast\n",
   "price": "6.99",
   "description": "6 oz�",
   "image": "https://d2lnr5mha7bycj.cloudfront.net/product-image/file/large_a16641ad-48f6-48e9-8c2a-ea67bf96a31b.jpg",
   "Image 2": "",
   "Product Link": "https://d2lnr5mha7bycj.cloudfront.net/product-image/file/large_a16641ad-48f6-48e9-8c2a-ea67bf96a31b.jpg",
   "FIELD9": ""
 },
 {
   "category": "Meat & Seafood\n",
   "subcategory": "Packaged Poultry\n",
   "name": "Organic Air Chilled Chicken Whole Leg\n",
   "price": "4.39",
   "description": "lb",
   "image": "https://d2lnr5mha7bycj.cloudfront.net/product-image/file/large_4ffc10d7-7762-4b75-b67f-782adfd44a85.jpg",
   "Image 2": "",
   "Product Link": "https://www.instacart.com/store/items/22350606?source1=aisle&source2=611&source3=611&impressionId=4048a988-9a4c-4b2b-9a42-81824bcdcad7",
   "FIELD9": ""
 },
 {
   "category": "Meat & Seafood\n",
   "subcategory": "Packaged Poultry\n",
   "name": "Air Chilled Boneless Skinless Chicken Breast (Non Gmo)\n",
   "price": "7.69",
   "description": " lb",
   "image": "https://d2lnr5mha7bycj.cloudfront.net/product-image/file/large_7a9ee06a-ac24-40d2-8529-4c800395c4a8.jpg",
   "Image 2": "",
   "Product Link": "https://www.instacart.com/store/items/21539243?source1=aisle&source2=611&source3=611&impressionId=2ebea193-20a0-43a0-a410-886b4fb59fc0",
   "FIELD9": ""
 },
 {
   "category": "Meat & Seafood\n",
   "subcategory": "Packaged Poultry\n",
   "name": "Mary's Organic Ground Chicken\n",
   "price": "7.99",
   "description": "per lb \n",
   "image": "https://d2lnr5mha7bycj.cloudfront.net/product-image/file/large_ee41e3f5-ac84-45c1-b629-29f036ac349c.jpg",
   "Image 2": "",
   "Product Link": "https://www.instacart.com/store/items/45001395?source1=aisle&source2=611&source3=611&impressionId=a282ca8b-cb0f-4190-9caa-9a354e78c0e5",
   "FIELD9": ""
 },
 {
   "category": "Meat & Seafood\n",
   "subcategory": "Packaged Poultry\n",
   "name": "Pine Manor Farms Organic Boneless Skinless Chicken Breasts With Rib Meat\n",
   "price": "6.26",
   "description": "Price Estimate: $6.26�($10.99/lb נ0.57�lb)",
   "image": "https://d2lnr5mha7bycj.cloudfront.net/product-image/file/large_44ab8081-405f-4520-bc99-7fc918a37d09.jpg",
   "Image 2": "",
   "Product Link": "https://www.instacart.com/store/items/22352880?source1=aisle&source2=611&source3=611&impressionId=d50c7361-f063-4d60-9a83-dde7a2d387d6",
   "FIELD9": ""
 },
 {
   "category": "Meat & Seafood\n",
   "subcategory": "Packaged Poultry\n",
   "name": "Organic Chicken Thighs\n",
   "price": "5.49",
   "description": "lb",
   "image": "https://d2lnr5mha7bycj.cloudfront.net/product-image/file/large_be4d50cf-022a-4c3e-b134-c07355ec9b1f.jpg",
   "Image 2": "",
   "Product Link": "https://www.instacart.com/store/items/22199434?source1=aisle&source2=611&source3=611&impressionId=588126d0-12d4-47e6-8ebe-7cb309fedb4a",
   "FIELD9": ""
 },
 {
   "category": "Meat & Seafood\n",
   "subcategory": "Packaged Poultry\n",
   "name": "Draper Valley Farms Value Pack Boneless Skinless Thighs\n",
   "price": "14.07",
   "description": "Price Estimate: $14.07�($4.69/lb נ3.00�lb)",
   "image": "https://d2lnr5mha7bycj.cloudfront.net/product-image/file/large_ed92a7b5-bfe8-4303-af93-d0c756cf58f5.jpg",
   "Image 2": "",
   "Product Link": "https://www.instacart.com/store/items/16192514?source1=aisle&source2=611&source3=611&impressionId=dad504de-65c5-426a-b45b-859992755f1c",
   "FIELD9": ""
 },
 {
   "category": "Meat & Seafood\n",
   "subcategory": "Packaged Poultry\n",
   "name": "Diestel Ranch Turkey Smoked Turkey Drumsticks\n",
   "price": "7.69",
   "description": "lb",
   "image": "https://d2lnr5mha7bycj.cloudfront.net/product-image/file/large_a7c31990-546c-4e9c-b5cd-e3347447c601.jpg",
   "Image 2": "",
   "Product Link": "https://www.instacart.com/store/items/22349889?source1=aisle&source2=611&source3=611&impressionId=6750c8bb-bea2-4f6d-a42f-eecaecda4d48",
   "FIELD9": ""
 },
 {
   "category": "Meat & Seafood\n",
   "subcategory": "Packaged Poultry\n",
   "name": "Fresh Duck Breast\n",
   "price": "15.39",
   "description": "lb",
   "image": "https://d2lnr5mha7bycj.cloudfront.net/product-image/file/large_a4e12d8f-5233-4fa1-9d3e-9b8d7e0292bd.jpg",
   "Image 2": "",
   "Product Link": "https://www.instacart.com/store/items/54517936?source1=aisle&source2=611&source3=611&impressionId=1cf57187-fb42-4598-9cee-4a7d2eabde79",
   "FIELD9": ""
 },
 {
   "category": "Meat & Seafood\n",
   "subcategory": "Packaged Seafood\n",
   "name": "Whole Catch Wild Smoked Sockeye Salmon\n",
   "price": "6.99",
   "description": "4 oz�",
   "image": "https://d2lnr5mha7bycj.cloudfront.net/product-image/file/large_5db1a80e-4c39-4ce2-adf3-d49edda1370e.jpg",
   "Image 2": "",
   "Product Link": "https://www.instacart.com/store/items/19141316?source1=aisle&source2=610&source3=610&impressionId=5af70fdb-8acd-4b2c-a8d7-9067e6af9293",
   "FIELD9": ""
 },
 {
   "category": "Meat & Seafood\n",
   "subcategory": "Packaged Seafood\n",
   "name": "Changing Seas Cold Smoked Salmon\n",
   "price": "6.99",
   "description": "4 oz�",
   "image": "https://d2lnr5mha7bycj.cloudfront.net/product-image/file/large_ab822ac4-37f3-46fd-947e-7fb197c4cf70.jpg",
   "Image 2": "",
   "Product Link": "https://www.instacart.com/store/items/31543167?source1=aisle&source2=610&source3=610&impressionId=813f029a-f300-4998-b44f-411b36283c2b",
   "FIELD9": ""
 },
 {
   "category": "Meat & Seafood\n",
   "subcategory": "Packaged Seafood\n",
   "name": "Farm Raised Salmon Fillets Club Pack\n",
   "price": "21.99",
   "description": "32 oz�",
   "image": "https://d2lnr5mha7bycj.cloudfront.net/product-image/file/large_bd8ed727-6b92-49d1-8c4a-f48018a507a4.jpg",
   "Image 2": "",
   "Product Link": "https://www.instacart.com/store/items/12317069?source1=aisle&source2=610&source3=610&impressionId=d4533622-7ca6-4ba4-b983-87572c9c069f",
   "FIELD9": ""
 },
 {
   "category": "Meat & Seafood\n",
   "subcategory": "Packaged Seafood\n",
   "name": "Whole Catch Smoked Salmon\n",
   "price": "12.99",
   "description": "8 oz�",
   "image": "https://d2lnr5mha7bycj.cloudfront.net/product-image/file/large_e7b59c48-eb17-4f8b-9c87-76b53d116f61.jpg",
   "Image 2": "",
   "Product Link": "https://www.instacart.com/store/items/4462160?source1=aisle&source2=610&source3=610&impressionId=3899cd6a-23c0-4605-af0b-05398b3785bf",
   "FIELD9": ""
 },
 {
   "category": "Meat & Seafood\n",
   "subcategory": "Packaged Seafood\n",
   "name": "Wild White Shrimp 16/20 Count\n",
   "price": "16.49",
   "description": "lb",
   "image": "https://d2lnr5mha7bycj.cloudfront.net/product-image/file/large_d33818d5-7cad-4d2a-a31a-49b7d01a3b9f.jpg",
   "Image 2": "",
   "Product Link": "https://www.instacart.com/store/items/21498447?source1=aisle&source2=610&source3=610&impressionId=d35e81ef-5666-4830-af88-d16d56f8e999",
   "FIELD9": ""
 },
 {
   "category": "Meat & Seafood\n",
   "subcategory": "Packaged Seafood\n",
   "name": "Whole Catch Raw Shrimp Tail On Peeled and Deveined 31/40 Scrimp per Pound\n",
   "price": "13.99",
   "description": "16 oz�",
   "image": "https://d2lnr5mha7bycj.cloudfront.net/product-image/file/large_aa623047-9821-45b4-ae44-afa584039401.jpg",
   "Image 2": "",
   "Product Link": "https://www.instacart.com/store/items/27988652?source1=aisle&source2=610&source3=610&impressionId=5d5c12e8-1230-40b5-8358-d399ade20471",
   "FIELD9": ""
 },
 {
   "category": "Meat & Seafood\n",
   "subcategory": "Packaged Seafood\n",
   "name": "Kikka Sushi Spicy Tuna Avocado Roll\n",
   "price": "8.69",
   "description": "",
   "image": "https://d2lnr5mha7bycj.cloudfront.net/product-image/file/large_76bee56b-e36f-4452-b774-9d5b0faa73ab.jpg",
   "Image 2": "",
   "Product Link": "https://www.instacart.com/store/items/27366250?source1=aisle&source2=610&source3=610&impressionId=785aca1d-2750-4b8b-b082-baabb7e9c0b8",
   "FIELD9": ""
 },
 {
   "category": "Meat & Seafood\n",
   "subcategory": "Packaged Seafood\n",
   "name": "Changing Seas Frozen Wild Caught Atlantic Cod\n",
   "price": "17.99",
   "description": "2 lb�",
   "image": "https://d2lnr5mha7bycj.cloudfront.net/product-image/file/large_498944e0-c4cf-4e84-85d7-190b4906c3b4.jpg",
   "Image 2": "",
   "Product Link": "https://www.instacart.com/store/items/26632480?source1=aisle&source2=610&source3=610&impressionId=6ea42e02-05b1-4453-8bcd-14a67f2f37b8",
   "FIELD9": ""
 },
 {
   "category": "Meat & Seafood\n",
   "subcategory": "Packaged Seafood\n",
   "name": "Marine Stewardship Council Halibut Fillets\n",
   "price": "27.49",
   "description": "lb",
   "image": "https://d2lnr5mha7bycj.cloudfront.net/product-image/file/large_c8566485-de7b-40a0-8412-9ad70080d9ce.jpg",
   "Image 2": "",
   "Product Link": "https://www.instacart.com/store/items/21583290?source1=aisle&source2=610&source3=610&impressionId=aedd8d66-08aa-417a-90d9-706fca9d584a",
   "FIELD9": ""
 },
 {
   "category": "Meat & Seafood\n",
   "subcategory": "Packaged Seafood\n",
   "name": "Whole Catch Fresh Smoked Cold Salmon\n",
   "price": "12.99",
   "description": "8 oz�",
   "image": "https://d2lnr5mha7bycj.cloudfront.net/product-image/file/large_a0490dbb-6709-42c3-a975-f0460134556e.jpg",
   "Image 2": "",
   "Product Link": "https://www.instacart.com/store/items/28012084?source1=aisle&source2=610&source3=610&impressionId=42216d4d-c2ca-4ee5-b08b-0d98dcd1fe96",
   "FIELD9": ""
 },
 {
   "category": "Meat & Seafood\n",
   "subcategory": "Packaged Seafood\n",
   "name": "Cannon Fish Company Wild Caught Sockeye Salmon\n",
   "price": "21.99",
   "description": "2 lb�",
   "image": "https://d2lnr5mha7bycj.cloudfront.net/product-image/file/large_4dd674c8-2002-4e13-91e3-5b4a8529a704.jpg",
   "Image 2": "",
   "Product Link": "https://www.instacart.com/store/items/48100350?source1=aisle&source2=610&source3=610&impressionId=b386992a-0c66-419f-ac01-2b8aeccd136e",
   "FIELD9": ""
 },
 {
   "category": "Meat & Seafood\n",
   "subcategory": "Packaged Seafood\n",
   "name": "Echo Falls Wild Alaskan Sockeye Smoked Sliced Salmon\n",
   "price": "8.99",
   "description": "4 oz�",
   "image": "https://d2lnr5mha7bycj.cloudfront.net/product-image/file/large_b64bb2a2-57cb-4025-807c-aaddd826c746.jpg",
   "Image 2": "",
   "Product Link": "https://www.instacart.com/store/items/42650032?source1=aisle&source2=610&source3=610&impressionId=fec4bba8-de28-485c-b6a4-8c852bc4d73c",
   "FIELD9": ""
 },
 {
   "category": "Meat & Seafood\n",
   "subcategory": "Packaged Seafood\n",
   "name": "Whole Catch Alaskan Salmon Burgers\n",
   "price": "6.99",
   "description": "4 x 12.8 oz�",
   "image": "https://d2lnr5mha7bycj.cloudfront.net/product-image/file/large_a512ca29-c568-44d6-a6ab-f1bca53950e8.jpg",
   "Image 2": "",
   "Product Link": "https://www.instacart.com/store/items/4495543?source1=aisle&source2=610&source3=610&impressionId=51ac3124-d692-4201-b7c3-229bf0aacb26",
   "FIELD9": ""
 },
 {
   "category": "Meat & Seafood\n",
   "subcategory": "Packaged Seafood\n",
   "name": "Kikka Sushi Vegetarian Roll\n",
   "price": "6.39",
   "description": "7 oz�",
   "image": "https://d2lnr5mha7bycj.cloudfront.net/product-image/file/large_d82c7a4e-5b26-4e83-bb2c-be39ce7737f2.jpg",
   "Image 2": "",
   "Product Link": "https://www.instacart.com/store/items/23802861?source1=aisle&source2=610&source3=610&impressionId=5be9dacc-c9d0-4fa7-b658-691e30b22bf0",
   "FIELD9": ""
 },
 {
   "category": "Meat & Seafood\n",
   "subcategory": "Packaged Seafood\n",
   "name": "Whole Foods Market Farm Raised Atlantic Salmon\n",
   "price": "19.99",
   "description": "2 lb�",
   "image": "https://d2lnr5mha7bycj.cloudfront.net/product-image/file/large_5a0161b0-e90b-4370-9b48-89402d489f32.jpg",
   "Image 2": "",
   "Product Link": "https://www.instacart.com/store/items/4499606?source1=aisle&source2=610&source3=610&impressionId=870b7018-7943-4d5a-b6b6-73ee6c462af3",
   "FIELD9": ""
 },
 {
   "category": "Meat & Seafood\n",
   "subcategory": "Packaged Seafood\n",
   "name": "Whole Foods Market Wild Frozen Salmon Fillets\n",
   "price": "16.49",
   "description": "lb",
   "image": "https://d2lnr5mha7bycj.cloudfront.net/product-image/file/large_627e93da-10fa-454c-b50f-4947f9300900.jpg",
   "Image 2": "",
   "Product Link": "https://www.instacart.com/store/items/53120327?source1=aisle&source2=610&source3=610&impressionId=00e14518-d227-4b48-b117-37f991812b79",
   "FIELD9": ""
 },
 {
   "category": "Meat & Seafood\n",
   "subcategory": "Packaged Seafood\n",
   "name": "Whole Catch Traditional Hot Smoked Sockeye Salmon\n",
   "price": "7.49",
   "description": "4 oz�",
   "image": "https://d2lnr5mha7bycj.cloudfront.net/product-image/file/large_131201a7-98a0-4300-bc6e-a5e4cddd2bd9.jpg",
   "Image 2": "",
   "Product Link": "https://www.instacart.com/store/items/21813025?source1=aisle&source2=610&source3=610&impressionId=53d671d3-2c60-4ab6-a069-2ff75c1ddc89",
   "FIELD9": ""
 },
 {
   "category": "Meat & Seafood\n",
   "subcategory": "Packaged Seafood\n",
   "name": "Whole Catch Hot Smoked Salmon Pepper\n",
   "price": "7.49",
   "description": "4 oz�",
   "image": "https://d2lnr5mha7bycj.cloudfront.net/product-image/file/large_64351d8f-e7c6-4a5b-99fc-25c772ff6e40.jpg",
   "Image 2": "",
   "Product Link": "https://www.instacart.com/store/items/4494934?source1=aisle&source2=610&source3=610&impressionId=3a45b29c-e34d-41ef-89e2-fd3b03464fff",
   "FIELD9": ""
 },
 {
   "category": "Meat & Seafood\n",
   "subcategory": "Packaged Seafood\n",
   "name": "Whole Foods Market Northwest Crab Cakes\n",
   "price": "8.99",
   "description": "",
   "image": "https://d2lnr5mha7bycj.cloudfront.net/product-image/file/large_6e5f139e-d5c1-49a3-94e4-dfb1579f0d59.jpg",
   "Image 2": "",
   "Product Link": "https://www.instacart.com/store/items/22334875?source1=aisle&source2=610&source3=610&impressionId=235bd0c1-8e54-4777-bc79-60e6a8920719",
   "FIELD9": ""
 },
 {
   "category": "Meat & Seafood\n",
   "subcategory": "Packaged Seafood\n",
   "name": "Headless White Shrimp 10/15 Ct\n",
   "price": "21.99",
   "description": "�lb",
   "image": "https://d2lnr5mha7bycj.cloudfront.net/product-image/file/large_834325f2-4374-4abd-9ce9-2dbeaf8fd2fe.jpg",
   "Image 2": "",
   "Product Link": "https://www.instacart.com/store/items/48805202?source1=aisle&source2=610&source3=610&impressionId=28c9de21-5265-4c1a-b499-ef4c7cee532f",
   "FIELD9": ""
 },
 {
   "category": "Meat & Seafood\n",
   "subcategory": "Hot Dogs, Bacon & Sausage\n",
   "name": "365 Uncured Center Cut Smokehouse Bacon\n",
   "price": "4.99",
   "description": "12 oz�",
   "image": "https://d2lnr5mha7bycj.cloudfront.net/product-image/file/large_4a354c98-78be-4a3c-8bdf-d9d44737daa5.jpg",
   "Image 2": "",
   "Product Link": "https://www.instacart.com/store/items/4481665?source1=aisle&source2=3641&source3=3641&impressionId=3e906b56-13af-44c6-9b7c-905a78d7c8f7",
   "FIELD9": ""
 },
 {
   "category": "Meat & Seafood\n",
   "subcategory": "Hot Dogs, Bacon & Sausage\n",
   "name": "Applegate Organics Uncured Sunday Bacon\n",
   "price": "7.99",
   "description": "8 oz�",
   "image": "https://d2lnr5mha7bycj.cloudfront.net/product-image/file/large_99beea52-5973-45d4-b21d-6136a6da5bc7.jpg",
   "Image 2": "",
   "Product Link": "https://www.instacart.com/store/items/21744803?source1=aisle&source2=3641&source3=3641&impressionId=ed6c2c18-e2ac-4386-bae8-c77bc60a4d7b",
   "FIELD9": ""
 },
 {
   "category": "Meat & Seafood\n",
   "subcategory": "Hot Dogs, Bacon & Sausage\n",
   "name": "Applegate Natural Chicken & Sage Breakfast Sausage\n",
   "price": "4.99",
   "description": "7 oz�",
   "image": "https://d2lnr5mha7bycj.cloudfront.net/product-image/file/large_03633098-feaf-4eec-b471-232fc3cc8dfd.jpg",
   "Image 2": "",
   "Product Link": "https://www.instacart.com/store/items/12280688?source1=aisle&source2=3641&source3=3641&impressionId=eedce00d-3b2b-4393-a5b4-9bfd06e24d97",
   "FIELD9": ""
 },
 {
   "category": "Meat & Seafood\n",
   "subcategory": "Hot Dogs, Bacon & Sausage\n",
   "name": "Whole Foods Market Mild Italian Pork Sausage (link)\n",
   "price": "7.69",
   "description": "lb",
   "image": "https://d2lnr5mha7bycj.cloudfront.net/product-image/file/large_70701b00-2b4e-44e8-b032-bbcfd2dae9b8.jpg",
   "Image 2": "",
   "Product Link": "https://www.instacart.com/store/items/11147788?source1=aisle&source2=3641&source3=3641&impressionId=05974b59-67a7-4d71-96b9-49d970ae6d4b",
   "FIELD9": ""
 },
 {
   "category": "Meat & Seafood\n",
   "subcategory": "Hot Dogs, Bacon & Sausage\n",
   "name": "365 Low Sodium Bacon\n",
   "price": "5.49",
   "description": "12 oz�",
   "image": "https://d2lnr5mha7bycj.cloudfront.net/product-image/file/large_e046d5bf-268e-4054-bb34-e4a6cdea4a7d.jpg",
   "Image 2": "",
   "Product Link": "https://www.instacart.com/store/items/4481589?source1=aisle&source2=3641&source3=3641&impressionId=718a15d2-58a8-4fca-a718-0a437abf1acd",
   "FIELD9": ""
 },
 {
   "category": "Meat & Seafood\n",
   "subcategory": "Hot Dogs, Bacon & Sausage\n",
   "name": "365 Applewood Smoked Bacon\n",
   "price": "8.99",
   "description": "18 oz \n",
   "image": "https://d2lnr5mha7bycj.cloudfront.net/product-image/file/large_e876969d-95ab-4a82-abdc-17c63c55adcb.jpg",
   "Image 2": "",
   "Product Link": "https://www.instacart.com/store/items/4587524?source1=aisle&source2=3641&source3=3641&impressionId=869dcdeb-09d2-422c-8e50-bcc9bd5a54fd",
   "FIELD9": ""
 },
 {
   "category": "Meat & Seafood\n",
   "subcategory": "Hot Dogs, Bacon & Sausage\n",
   "name": "Wellshire Farms Organic Turkey Bacon\n",
   "price": "6.99",
   "description": "8 oz \n",
   "image": "https://d2lnr5mha7bycj.cloudfront.net/product-image/file/large_f503a20d-34e2-48a5-9a6c-c685461439c5.jpg",
   "Image 2": "",
   "Product Link": "https://www.instacart.com/store/items/31988147?source1=aisle&source2=3641&source3=3641&impressionId=772d938d-b69f-43cd-8cf7-e61f63336d6b",
   "FIELD9": ""
 },
 {
   "category": "Meat & Seafood\n",
   "subcategory": "Hot Dogs, Bacon & Sausage\n",
   "name": "Applegate Organics Uncured Turkey Bacon\n",
   "price": "7.99",
   "description": "8 oz�",
   "image": "https://d2lnr5mha7bycj.cloudfront.net/product-image/file/large_229b4419-c7dc-428f-8514-5438ae2dd1c1.jpg",
   "Image 2": "",
   "Product Link": "https://www.instacart.com/store/items/4484172?source1=aisle&source2=3641&source3=3641&impressionId=0fe93d98-1d43-4d43-a4ba-4d72a869c883",
   "FIELD9": ""
 },
 {
   "category": "Meat & Seafood\n",
   "subcategory": "Hot Dogs, Bacon & Sausage\n",
   "name": "Hot Italian Pork Sausage\n",
   "price": "7.69",
   "description": "lb",
   "image": "https://d2lnr5mha7bycj.cloudfront.net/product-image/file/large_2d5fae3b-5aea-461b-800d-f0ffa061f447.jpg",
   "Image 2": "",
   "Product Link": "https://www.instacart.com/store/items/30210749?source1=aisle&source2=3641&source3=3641&impressionId=96ae84ee-0039-41f4-90ca-f37fffee4d2d",
   "FIELD9": ""
 },
 {
   "category": "Meat & Seafood\n",
   "subcategory": "Hot Dogs, Bacon & Sausage\n",
   "name": "Whole Foods Market Spicy Italian Pork Sausage (bulk)\n",
   "price": "7.69",
   "description": "lb",
   "image": "https://d2lnr5mha7bycj.cloudfront.net/product-image/file/large_9fba8720-0cb7-4f13-b3fb-99759b4e42d1.jpg",
   "Image 2": "",
   "Product Link": "https://www.instacart.com/store/items/13939315?source1=aisle&source2=3641&source3=3641&impressionId=14aaf9c2-1745-492b-803d-4aa482e1ccb1",
   "FIELD9": ""
 },
 {
   "category": "Bakery",
   "subcategory": "Bread",
   "name": "Rudi's Organic Bakery Organic Bakery Bread 100% Whole Wheat",
   "price": "5.39",
   "description": "22 oz�",
   "image": "https://d2lnr5mha7bycj.cloudfront.net/product-image/file/large_8168924e-fc36-46f2-965b-198e40dfc1b0.jpg",
   "Image 2": "",
   "Product Link": "https://www.instacart.com/store/items/4483241?source1=aisle&source2=594&source3=594&impressionId=701e5df6-d259-4be7-a760-84d48098412c",
   "FIELD9": ""
 },
 {
   "category": "Bakery",
   "subcategory": "Bread",
   "name": "365 Organic Whole Wheat Bread\n",
   "price": "3.49",
   "description": "20 oz�",
   "image": "https://d2lnr5mha7bycj.cloudfront.net/product-image/file/large_428708f6-1b21-43b3-8f8d-d5aad3ad0f3e.jpg",
   "Image 2": "",
   "Product Link": "https://www.instacart.com/store/items/15522482?source1=aisle&source2=594&source3=594&impressionId=9af8e178-730b-48eb-a6b4-f00340b0a0f0",
   "FIELD9": ""
 },
 {
   "category": "Bakery",
   "subcategory": "Bread",
   "name": "Dave's Killer Bread 21 Whole Grains and Seeds Bread\n",
   "price": "5.49",
   "description": "27 oz�",
   "image": "https://d2lnr5mha7bycj.cloudfront.net/product-image/file/large_75f42f02-6831-42e8-b851-9313170a9455.JPG",
   "Image 2": "",
   "Product Link": "https://www.instacart.com/store/items/4483507?source1=aisle&source2=594&source3=594&impressionId=96075fc9-2d4f-4b28-806b-7b76f5116139",
   "FIELD9": ""
 },
 {
   "category": "Bakery",
   "subcategory": "Bread",
   "name": "365 Whole Wheat Bread\n",
   "price": "2.99",
   "description": "24 oz \n",
   "image": "https://d2lnr5mha7bycj.cloudfront.net/product-image/file/large_0bfaba69-5de8-404e-8e12-96873c3a6779.jpg",
   "Image 2": "",
   "Product Link": "https://www.instacart.com/store/items/21961014?source1=aisle&source2=594&source3=594&impressionId=06c1441e-9691-437b-80fb-195f47741e86",
   "FIELD9": ""
 },
 {
   "category": "Bakery",
   "subcategory": "Bread",
   "name": "365 Tandoori Naan Original\n",
   "price": "3.99",
   "description": "4 x 3 oz�",
   "image": "https://d2lnr5mha7bycj.cloudfront.net/product-image/file/large_d8e8dcfa-a7c2-49ad-877d-7b7cdc98eafe.jpg",
   "Image 2": "",
   "Product Link": "https://www.instacart.com/store/items/4506894?source1=aisle&source2=594&source3=594&impressionId=f9cb821b-9e68-4e1f-9a11-3479df9b5567",
   "FIELD9": ""
 },
 {
   "category": "Bakery",
   "subcategory": "Bread",
   "name": "Rudi's Organic Bakery Whole Grain Wheat English Muffins - 6 CT\n",
   "price": "4.99",
   "description": "12 oz�",
   "image": "https://d2lnr5mha7bycj.cloudfront.net/product-image/file/large_b865946e-8daa-4d22-82b9-b91be1a65a45.jpg",
   "Image 2": "",
   "Product Link": "https://www.instacart.com/store/items/4482930?source1=aisle&source2=594&source3=594&impressionId=86782e7f-6e14-4b4c-a415-d19fa4cc6585",
   "FIELD9": ""
 },
 {
   "category": "Bakery",
   "subcategory": "Bread",
   "name": "365 Classic White Bread\n",
   "price": "2.99",
   "description": "24 oz \n",
   "image": "https://d2lnr5mha7bycj.cloudfront.net/product-image/file/large_5ba07422-68f5-4de8-af97-e627b3a7257d.jpg",
   "Image 2": "",
   "Product Link": "https://www.instacart.com/store/items/15522285?source1=aisle&source2=594&source3=594&impressionId=3ca58ea1-e908-4fe8-ad0d-e20c9e049d41",
   "FIELD9": ""
 },
 {
   "category": "Bakery",
   "subcategory": "Bread",
   "name": "Udi's Gluten Free Whole Grain Bread\n",
   "price": "4.99",
   "description": "12 oz�",
   "image": "https://d2lnr5mha7bycj.cloudfront.net/product-image/file/large_c22958e1-a90b-4e8d-bb31-2c049bc72011.jpg",
   "Image 2": "",
   "Product Link": "https://www.instacart.com/store/items/4504271?source1=aisle&source2=594&source3=594&impressionId=e05aed85-24aa-4634-8880-fa51ed257aee",
   "FIELD9": ""
 },
 {
   "category": "Bakery",
   "subcategory": "Bread",
   "name": "Dave's Killer Bread Thin Sliced 21 Whole Grains and Seeds Bread\n",
   "price": "4.89",
   "description": "20.5 oz�",
   "image": "https://d2lnr5mha7bycj.cloudfront.net/product-image/file/large_25c1a21e-6837-4939-8874-437a7d504478.JPG",
   "Image 2": "",
   "Product Link": "https://www.instacart.com/store/items/6825556?source1=aisle&source2=594&source3=594&impressionId=6467b2e7-e027-46a3-9067-6192a25c10f2",
   "FIELD9": ""
 },
 {
   "category": "Bakery",
   "subcategory": "Bread",
   "name": "365 Sourdough Bread\n",
   "price": "2.99",
   "description": "24 oz�",
   "image": "https://d2lnr5mha7bycj.cloudfront.net/product-image/file/large_286d76c7-caef-4cff-800a-f7ee3d15f564.jpg",
   "Image 2": "",
   "Product Link": "https://www.instacart.com/store/items/15522445?source1=aisle&source2=594&source3=594&impressionId=94a64693-f8e0-4cf5-8f5f-aa3b3c63dd56",
   "FIELD9": ""
 },
 {
   "category": "Bakery",
   "subcategory": "Bread",
   "name": "365 Organic Classic White Bread\n",
   "price": "3.49",
   "description": "20 oz�",
   "image": "https://d2lnr5mha7bycj.cloudfront.net/product-image/file/large_4bde99c1-df4f-4e00-933e-364e28f3681c.jpg",
   "Image 2": "",
   "Product Link": "https://www.instacart.com/store/items/15522462?source1=aisle&source2=594&source3=594&impressionId=c34f9833-12bc-4d55-bb61-77b47b448999",
   "FIELD9": ""
 },
 {
   "category": "Bakery",
   "subcategory": "Bread",
   "name": "365 Whole Wheat Tandoori Naan\n",
   "price": "3.99",
   "description": "12 oz�",
   "image": "https://d2lnr5mha7bycj.cloudfront.net/product-image/file/large_f2f83209-94ab-4909-81ab-6f0e7ce8277e.jpg",
   "Image 2": "",
   "Product Link": "https://www.instacart.com/store/items/4506715?source1=aisle&source2=594&source3=594&impressionId=f38dac52-7b49-4406-9d1f-a62f6fb0138f",
   "FIELD9": ""
 },
 {
   "category": "Bakery",
   "subcategory": "Bread",
   "name": "Dave's Killer Bread Good Seed Organic Bread\n",
   "price": "5.49",
   "description": "27 oz�",
   "image": "https://d2lnr5mha7bycj.cloudfront.net/product-image/file/large_f7d58d7e-fcc7-4204-bac7-ac5cdf392b92.JPG",
   "Image 2": "",
   "Product Link": "https://www.instacart.com/store/items/4483629?source1=aisle&source2=594&source3=594&impressionId=3ef59f41-5f15-415b-8d1e-3b91c4ece39a",
   "FIELD9": ""
 },
 {
   "category": "Bakery",
   "subcategory": "Bread",
   "name": "Canyon Bakehouse Gluten-Free 7 Grain Bread\n",
   "price": "5.68",
   "description": "18 oz�",
   "image": "https://d2lnr5mha7bycj.cloudfront.net/product-image/file/large_272581e5-b93b-4a68-8c2e-fc754885eb57.jpg",
   "Image 2": "",
   "Product Link": "https://www.instacart.com/store/items/21853514?source1=aisle&source2=594&source3=594&impressionId=36230116-072b-4f43-a7ce-00980613abe7",
   "FIELD9": ""
 },
 {
   "category": "Bakery",
   "subcategory": "Bread",
   "name": "Rudi's Organic Bakery Bread Honey Sweet Whole Wheat\n",
   "price": "5.39",
   "description": "22 oz�",
   "image": "https://d2lnr5mha7bycj.cloudfront.net/product-image/file/large_ae172958-4e52-4efc-aab1-732b9ce66618.jpg",
   "Image 2": "",
   "Product Link": "https://www.instacart.com/store/items/26139458?source1=aisle&source2=594&source3=594&impressionId=3d47ef66-c216-4dab-8448-da0571aa6863",
   "FIELD9": ""
 },
 {
   "category": "Bakery",
   "subcategory": "Bread",
   "name": "Udi's Gluten Free White Sandwich Bread\n",
   "price": "4.99",
   "description": "12 oz�",
   "image": "https://d2lnr5mha7bycj.cloudfront.net/product-image/file/large_b9efae70-24df-4b0d-abf4-810aa20595fd.jpg",
   "Image 2": "",
   "Product Link": "https://www.instacart.com/store/items/4504533?source1=aisle&source2=594&source3=594&impressionId=057124bc-2cc0-40d3-b381-ac56cf618ae9",
   "FIELD9": ""
 },
 {
   "category": "Bakery",
   "subcategory": "Bread",
   "name": "Rudi's Organic Bakery Country Morning White Bread\n",
   "price": "5.39",
   "description": "22 oz�",
   "image": "https://d2lnr5mha7bycj.cloudfront.net/product-image/file/large_39b1d7fe-b549-42d6-85d3-f594c803bba8.jpg",
   "Image 2": "",
   "Product Link": "https://www.instacart.com/store/items/4482494?source1=aisle&source2=594&source3=594&impressionId=e87eeefd-2cb4-4377-94e9-3ae60e67b6d8",
   "FIELD9": ""
 },
 {
   "category": "Bakery",
   "subcategory": "Bread",
   "name": "Rudi's Organic Bakery Organic Bakery Bread Multigrain Oat\n",
   "price": "5.39",
   "description": "22 oz�",
   "image": "https://d2lnr5mha7bycj.cloudfront.net/product-image/file/large_c65e1696-c825-4502-acc4-dfcd35352227.jpg",
   "Image 2": "",
   "Product Link": "https://www.instacart.com/store/items/4482154?source1=aisle&source2=594&source3=594&impressionId=d568c993-502b-48ee-b0a1-58741817e358",
   "FIELD9": ""
 },
 {
   "category": "Bakery",
   "subcategory": "Bread",
   "name": "Dave's Killer Bread Good Seed Thin-Sliced Organic Bread\n",
   "price": "4.89",
   "description": "20.5 oz�",
   "image": "https://d2lnr5mha7bycj.cloudfront.net/product-image/file/large_e5a7a947-ef93-4eb7-91a8-3efa58d5cb3a.JPG",
   "Image 2": "",
   "Product Link": "https://www.instacart.com/store/items/4501550?source1=aisle&source2=594&source3=594&impressionId=4c747c1a-c802-4321-ae0b-ff921f1b0f64",
   "FIELD9": ""
 },
 {
   "category": "Bakery",
   "subcategory": "Bread",
   "name": "Food for Life Ezekiel 4:9 100% Sprouted Whole Grain Bread Cinnamon Raisin\n",
   "price": "5.49",
   "description": "24 oz�",
   "image": "https://d2lnr5mha7bycj.cloudfront.net/product-image/file/large_2e6f364e-b282-4885-8b52-d007bb8fa382.jpg",
   "Image 2": "",
   "Product Link": "https://www.instacart.com/store/items/18511455?source1=aisle&source2=594&source3=594&impressionId=8d46f295-d83f-4780-a042-1ae186d65a99",
   "FIELD9": ""
 },
 {
   "category": "Bakery",
   "subcategory": "Tortillas & Flat Bread\n",
   "name": "365 Organic Whole Wheat Tortillas 6 Count",
   "price": "2",
   "description": "10.5 oz�",
   "image": "https://d2lnr5mha7bycj.cloudfront.net/product-image/file/large_01710260-d619-43ea-ad1d-45bbfa3a96c2.jpg",
   "Image 2": "",
   "Product Link": "https://www.instacart.com/store/items/4471867?source1=aisle&source2=986&source3=986&impressionId=d502eed6-d88a-4baa-b06d-c46dc032d2da",
   "FIELD9": ""
 },
 {
   "category": "Bakery",
   "subcategory": "Tortillas & Flat Bread\n",
   "name": "365 Corn Tortillas\n",
   "price": "0.99",
   "description": "8 oz�",
   "image": "https://d2lnr5mha7bycj.cloudfront.net/product-image/file/large_c1ad7ca3-0d35-4b59-8f8e-e0856484610e.jpg",
   "Image 2": "",
   "Product Link": "https://www.instacart.com/store/items/4471480?source1=aisle&source2=986&source3=986&impressionId=2e8e0c50-759a-47ec-b7f4-01e8d432b546",
   "FIELD9": ""
 },
 {
   "category": "Bakery",
   "subcategory": "Tortillas & Flat Bread\n",
   "name": "365 Organics Unbleached White Tortillas\n",
   "price": "2",
   "description": "10.5 oz \n",
   "image": "https://d2lnr5mha7bycj.cloudfront.net/product-image/file/large_27026e24-9bda-42fe-b997-2fc53a3a7775.jpg",
   "Image 2": "",
   "Product Link": "https://www.instacart.com/store/items/4471790?source1=aisle&source2=986&source3=986&impressionId=7d5dd84e-714d-451f-9f76-0a90e83a1178",
   "FIELD9": ""
 },
 {
   "category": "Bakery",
   "subcategory": "Tortillas & Flat Bread\n",
   "name": "365 Tandoori Naan Original\n",
   "price": "3.99",
   "description": "4 x 3 oz�",
   "image": "https://d2lnr5mha7bycj.cloudfront.net/product-image/file/large_d8e8dcfa-a7c2-49ad-877d-7b7cdc98eafe.jpg",
   "Image 2": "",
   "Product Link": "https://www.instacart.com/store/items/4506894?source1=aisle&source2=986&source3=986&impressionId=1031348e-1197-4634-8066-52b3422de3e1",
   "FIELD9": ""
 },
 {
   "category": "Bakery",
   "subcategory": "Tortillas & Flat Bread\n",
   "name": "365 Organic Unbleached Fat Free Flour Tortillas 6 Count\n",
   "price": "2",
   "description": "10.5 oz�",
   "image": "https://d2lnr5mha7bycj.cloudfront.net/product-image/file/large_5fd62683-8b33-4003-9dac-6193e724be4c.jpg",
   "Image 2": "",
   "Product Link": "https://www.instacart.com/store/items/4471623?source1=aisle&source2=986&source3=986&impressionId=b3217a84-5e3e-4d92-8751-dd62f6a334c9",
   "FIELD9": ""
 },
 {
   "category": "Bakery",
   "subcategory": "Tortillas & Flat Bread\n",
   "name": "365 Roasted Garlic Tandoori Naan\n",
   "price": "3.99",
   "description": "4 x 3 oz�",
   "image": "https://d2lnr5mha7bycj.cloudfront.net/product-image/file/large_90a58b57-5ab3-4e7c-b3fc-aeca1848a804.jpg",
   "Image 2": "",
   "Product Link": "https://www.instacart.com/store/items/4506867?source1=aisle&source2=986&source3=986&impressionId=8fd53665-1d88-4a44-a7aa-c0d5d3a900f1",
   "FIELD9": ""
 },
 {
   "category": "Bakery",
   "subcategory": "Tortillas & Flat Bread\n",
   "name": "365 Whole Wheat Tandoori Naan\n",
   "price": "3.99",
   "description": "12 oz�",
   "image": "https://d2lnr5mha7bycj.cloudfront.net/product-image/file/large_f2f83209-94ab-4909-81ab-6f0e7ce8277e.jpg",
   "Image 2": "",
   "Product Link": "https://www.instacart.com/store/items/4506715?source1=aisle&source2=986&source3=986&impressionId=44572a0a-a7ae-4735-8b46-c223729aef1a",
   "FIELD9": ""
 },
 {
   "category": "Bakery",
   "subcategory": "Tortillas & Flat Bread\n",
   "name": "Food for Life Brown Rice Tortillas\n",
   "price": "3.99",
   "description": "6 ct�",
   "image": "https://d2lnr5mha7bycj.cloudfront.net/product-image/file/large_75a3ea0d-8d38-4379-871c-2af0580922c4.jpg",
   "Image 2": "",
   "Product Link": "https://www.instacart.com/store/items/4488170?source1=aisle&source2=986&source3=986&impressionId=1565820e-ff8c-407e-a192-d783338c9dbb",
   "FIELD9": ""
 },
 {
   "category": "Bakery",
   "subcategory": "Tortillas & Flat Bread\n",
   "name": "Food for Life Tortillas, Wheat Free, Sprouted Corn\n",
   "price": "3.99",
   "description": "12.00 ea�",
   "image": "https://d2lnr5mha7bycj.cloudfront.net/product-image/file/large_c5075792-0dc5-44f7-973d-991206204709.jpg",
   "Image 2": "",
   "Product Link": "https://www.instacart.com/store/items/4488142?source1=aisle&source2=986&source3=986&impressionId=88cfd85e-389c-4182-9139-9809cb459b80",
   "FIELD9": ""
 },
 {
   "category": "Bakery",
   "subcategory": "Tortillas & Flat Bread\n",
   "name": "Siete Family Foods Almond Flour Tortillas\n",
   "price": "8.99",
   "description": "7 oz�",
   "image": "https://d2lnr5mha7bycj.cloudfront.net/product-image/file/large_df2614ec-27b7-4884-a107-ad6bc6d2f591.jpg",
   "Image 2": "",
   "Product Link": "https://www.instacart.com/store/items/27895783?source1=aisle&source2=986&source3=986&impressionId=b5f02df9-fd95-4c6d-a955-c647e3d0e90b",
   "FIELD9": ""
 },
 {
   "category": "Bakery",
   "subcategory": "Tortillas & Flat Bread\n",
   "name": "Ozery Bakery Thin Whole Wheat Sandwich Buns\n",
   "price": "2.69",
   "description": "11.25 oz�",
   "image": "https://d2lnr5mha7bycj.cloudfront.net/product-image/file/large_24f4ccd1-10d0-45c8-94a9-71a29987a098.jpg",
   "Image 2": "",
   "Product Link": "https://www.instacart.com/store/items/4504855?source1=aisle&source2=986&source3=986&impressionId=d3642123-6f3a-47fa-8cdf-f64540ea6418",
   "FIELD9": ""
 },
 {
   "category": "Bakery",
   "subcategory": "Tortillas & Flat Bread\n",
   "name": "Mi Rancho Organic Flour Tortillas\n",
   "price": "2.99",
   "description": "10.8 oz�",
   "image": "https://d2lnr5mha7bycj.cloudfront.net/product-image/file/large_1a9ce8fb-de2d-43d4-8f7a-3d8d2e3bdce6.jpg",
   "Image 2": "",
   "Product Link": "https://www.instacart.com/store/items/26849861?source1=aisle&source2=986&source3=986&impressionId=18cadd19-5574-4e2e-a37a-6fea736f4002",
   "FIELD9": ""
 },
 {
   "category": "Bakery",
   "subcategory": "Tortillas & Flat Bread\n",
   "name": "Rudis Organic Spelt Tortillas\n",
   "price": "4.69",
   "description": "12 oz�",
   "image": "https://d2lnr5mha7bycj.cloudfront.net/product-image/file/large_f5563114-2669-4081-bba5-0a5cf5b411f6.jpg",
   "Image 2": "",
   "Product Link": "https://www.instacart.com/store/items/4471203?source1=aisle&source2=986&source3=986&impressionId=60632d7d-9641-471f-938f-da7cde2a95f1",
   "FIELD9": ""
 },
 {
   "category": "Bakery",
   "subcategory": "Tortillas & Flat Bread\n",
   "name": "Rudi's Organic Bakery Rudis Organic Bakery Whole Spelt Tortillas\n",
   "price": "4.99",
   "description": "12.0 oz�",
   "image": "https://d2lnr5mha7bycj.cloudfront.net/product-image/file/large_e919425b-d5f8-4ffa-823d-99d39f24c890.jpg",
   "Image 2": "",
   "Product Link": "https://www.instacart.com/store/items/4471061?source1=aisle&source2=986&source3=986&impressionId=5fdbc1a7-20af-41f4-b6c2-ca0beba496cd",
   "FIELD9": ""
 },
 {
   "category": "Bakery",
   "subcategory": "Tortillas & Flat Bread\n",
   "name": "365 Organic Rustic White Thin And Crispy Pizza Crusts\n",
   "price": "4.99",
   "description": "2 x 10 oz�",
   "image": "https://d2lnr5mha7bycj.cloudfront.net/product-image/file/large_84c56ffe-440f-4c70-b0c7-6b35c93ac58b.jpg",
   "Image 2": "",
   "Product Link": "https://www.instacart.com/store/items/22439031?source1=aisle&source2=986&source3=986&impressionId=a29018f9-7e6b-4df8-8f8b-5949a264aea8",
   "FIELD9": ""
 },
 {
   "category": "Bakery",
   "subcategory": "Tortillas & Flat Bread\n",
   "name": "Whole Foods Market Mini Whole Wheat Pita Bread\n",
   "price": "2.49",
   "description": "6 oz�",
   "image": "https://d2lnr5mha7bycj.cloudfront.net/product-image/file/large_0f92a7b2-2ddb-4105-a4ee-c3f9f33b56db.jpg",
   "Image 2": "",
   "Product Link": "https://www.instacart.com/store/items/4481481?source1=aisle&source2=986&source3=986&impressionId=d8343058-72ce-406d-942c-a0dd75065570",
   "FIELD9": ""
 },
 {
   "category": "Bakery",
   "subcategory": "Tortillas & Flat Bread\n",
   "name": "Siete Cassava & Coconut Tortillas\n",
   "price": "8.99",
   "description": "7 oz�",
   "image": "https://d2lnr5mha7bycj.cloudfront.net/product-image/file/large_30b4fc8a-eaf3-40a1-a0cd-f4063994b911.jpg",
   "Image 2": "",
   "Product Link": "https://www.instacart.com/store/items/59920014?source1=aisle&source2=986&source3=986&impressionId=39545d13-cdd2-48e6-aea0-78ac774a00d8",
   "FIELD9": ""
 },
 {
   "category": "Bakery",
   "subcategory": "Tortillas & Flat Bread\n",
   "name": "Ozery Bakery One Bun Multigrain Whole Grain Pita\n",
   "price": "3.39",
   "description": "21 oz�",
   "image": "https://d2lnr5mha7bycj.cloudfront.net/product-image/file/large_23340434-fa01-4dc4-9534-435c0f5ea316.jpg",
   "Image 2": "",
   "Product Link": "https://www.instacart.com/store/items/4504995?source1=aisle&source2=986&source3=986&impressionId=9052f46c-7998-4dea-b925-980d041f39e4",
   "FIELD9": ""
 },
 {
   "category": "Bakery",
   "subcategory": "Tortillas & Flat Bread\n",
   "name": "Whole Foods Market Mini White Pita Bread\n",
   "price": "2.49",
   "description": "6 oz�",
   "image": "https://d2lnr5mha7bycj.cloudfront.net/product-image/file/large_d409caa5-7334-40fe-8504-ce28f2a596c0.jpg",
   "Image 2": "",
   "Product Link": "https://www.instacart.com/store/items/4481539?source1=aisle&source2=986&source3=986&impressionId=411d9c6a-3ff0-4cb8-9ffb-c87b91d674fa",
   "FIELD9": ""
 },
 {
   "category": "Bakery",
   "subcategory": "Tortillas & Flat Bread\n",
   "name": "Ozery Wheat Sandwich Thins\n",
   "price": "3.39",
   "description": "12.7 oz�",
   "image": "https://d2lnr5mha7bycj.cloudfront.net/product-image/file/large_011cdf5a-c0f0-4d68-aa34-dcb62134d14f.jpg",
   "Image 2": "",
   "Product Link": "https://www.instacart.com/store/items/4498711?source1=aisle&source2=986&source3=986&impressionId=8d84b8da-35be-428b-a69c-bae02aa81b6a",
   "FIELD9": ""
 },
 {
   "category": "Bakery",
   "subcategory": "Buns & Rolls",
   "name": "Euro Classic Imports Authentic French Brioche Hamburger Buns Pre-Sliced - 6 CT",
   "price": "6.99",
   "description": "10.58 oz \n",
   "image": "https://d2lnr5mha7bycj.cloudfront.net/product-image/file/large_2b244f8c-488c-4615-afe2-c856c5fbb87c.jpg",
   "Image 2": "",
   "Product Link": "https://www.instacart.com/store/items/18711661?source1=aisle&source2=595&source3=595&impressionId=1f6d43f3-d256-4d23-b175-6dda8a0e217e",
   "FIELD9": ""
 },
 {
   "category": "Bakery",
   "subcategory": "Buns & Rolls",
   "name": "Pretzilla Soft Pretzel Mini Buns",
   "price": "3.69",
   "description": "8.4 oz�",
   "image": "https://d2lnr5mha7bycj.cloudfront.net/product-image/file/large_872327b4-2e2d-4eba-8515-29e80b0a3bc3.jpg",
   "Image 2": "",
   "Product Link": "https://www.instacart.com/store/items/36310408?source1=aisle&source2=595&source3=595&impressionId=bebfe30e-19c9-4215-bb23-23e1c8e33e12",
   "FIELD9": ""
 },
 {
   "category": "Bakery",
   "subcategory": "Buns & Rolls",
   "name": "365 Wheat Hamburger Buns, 8 Pack\n",
   "price": "2.99",
   "description": "15 oz�",
   "image": "https://d2lnr5mha7bycj.cloudfront.net/product-image/file/large_20f4e067-3300-4a5b-8406-48fac1c9b130.jpg",
   "Image 2": "",
   "Product Link": "https://www.instacart.com/store/items/16195474?source1=aisle&source2=595&source3=595&impressionId=22f216a6-bc12-41ff-a7b2-df4c36133ea5",
   "FIELD9": ""
 },
 {
   "category": "Bakery",
   "subcategory": "Buns & Rolls",
   "name": "Pretzilla Soft Pretzel Burger Buns\n",
   "price": "3.99",
   "description": "4 ct�",
   "image": "https://d2lnr5mha7bycj.cloudfront.net/product-image/file/large_01f7d050-71d7-4d8d-a529-4318451b2999.jpg",
   "Image 2": "",
   "Product Link": "https://www.instacart.com/store/items/36310387?source1=aisle&source2=595&source3=595&impressionId=ae51f9ef-1862-4bbe-9634-ec462be64a38",
   "FIELD9": ""
 },
 {
   "category": "Bakery",
   "subcategory": "Buns & Rolls",
   "name": "365 White Hot Dog Buns\n",
   "price": "2.99",
   "description": "14 oz�",
   "image": "https://d2lnr5mha7bycj.cloudfront.net/product-image/file/large_19dcab81-bd4d-4bc6-9868-9b48d2513c26.jpg",
   "Image 2": "",
   "Product Link": "https://www.instacart.com/store/items/21540806?source1=aisle&source2=595&source3=595&impressionId=09bd6d32-3212-4c1b-ad25-83b3e7b93682",
   "FIELD9": ""
 },
 {
   "category": "Bakery",
   "subcategory": "Buns & Rolls",
   "name": "365 Organic Wheat Hot Dog Buns\n",
   "price": "3.99",
   "description": "6 x 2.66 oz�",
   "image": "https://d2lnr5mha7bycj.cloudfront.net/product-image/file/large_6f6e7786-6968-461b-be85-8bba5ced1686.jpg",
   "Image 2": "",
   "Product Link": "https://www.instacart.com/store/items/16195477?source1=aisle&source2=595&source3=595&impressionId=faab32aa-5c24-49de-be3a-5551eb3dcd70",
   "FIELD9": ""
 },
 {
   "category": "Bakery",
   "subcategory": "Buns & Rolls",
   "name": "365 Organic White Hot Dog Buns 6 Pack\n",
   "price": "3.99",
   "description": "16 oz�",
   "image": "https://d2lnr5mha7bycj.cloudfront.net/product-image/file/large_9b10622a-10e5-4790-8d99-c1f25bdb5d46.jpg",
   "Image 2": "",
   "Product Link": "https://www.instacart.com/store/items/16195414?source1=aisle&source2=595&source3=595&impressionId=389ff499-fe0a-4692-9ff8-c88d5ba8fa7e",
   "FIELD9": ""
 },
 {
   "category": "Bakery",
   "subcategory": "Buns & Rolls",
   "name": "365 Whole Wheat Hot Dog Buns\n",
   "price": "2.99",
   "description": "14 oz�",
   "image": "https://d2lnr5mha7bycj.cloudfront.net/product-image/file/large_c80174ee-421e-48fe-8600-9c85c7e6341e.jpg",
   "Image 2": "",
   "Product Link": "https://www.instacart.com/store/items/21528709?source1=aisle&source2=595&source3=595&impressionId=2d9ab9af-ad3c-4b95-a31d-b14bc7cec749",
   "FIELD9": ""
 },
 {
   "category": "Bakery",
   "subcategory": "Buns & Rolls",
   "name": "365 White Hamburger Buns 8 Count\n",
   "price": "2.99",
   "description": "15 oz�",
   "image": "https://d2lnr5mha7bycj.cloudfront.net/product-image/file/large_952cad32-d09f-478f-a71c-1d8d9ec3cccf.jpg",
   "Image 2": "",
   "Product Link": "https://www.instacart.com/store/items/21829747?source1=aisle&source2=595&source3=595&impressionId=269d7854-26f2-4639-bc5f-de281ad84921",
   "FIELD9": ""
 },
 {
   "category": "Bakery",
   "subcategory": "Buns & Rolls",
   "name": "Pretzilla Sausage Buns\n",
   "price": "3.99",
   "description": "10.4 oz \n",
   "image": "https://d2lnr5mha7bycj.cloudfront.net/product-image/file/large_d4e64cda-c6fc-43e2-902d-b050997f15c0.jpg",
   "Image 2": "",
   "Product Link": "https://www.instacart.com/store/items/36310394?source1=aisle&source2=595&source3=595&impressionId=ced5f0dd-c492-423b-9e20-8793fc489b5a",
   "FIELD9": ""
 },
 {
   "category": "Bakery",
   "subcategory": "Buns & Rolls",
   "name": "Udi's Gluten Free Classic Hamburger Buns\n",
   "price": "4.49",
   "description": "4 ct�",
   "image": "https://d2lnr5mha7bycj.cloudfront.net/product-image/file/large_b8db9df5-98e9-47b1-b396-74a810907c1d.jpg",
   "Image 2": "",
   "Product Link": "https://www.instacart.com/store/items/4500071?source1=aisle&source2=595&source3=595&impressionId=c952ce78-9dc7-44bc-976d-1c145c7d857f",
   "FIELD9": ""
 },
 {
   "category": "Bakery",
   "subcategory": "Buns & Rolls",
   "name": "365 Organic Wheat Hamburger Buns\n",
   "price": "3.99",
   "description": "6 x 2.66 oz�",
   "image": "https://d2lnr5mha7bycj.cloudfront.net/product-image/file/large_b4253e54-01d8-4288-a652-9225edb2acab.jpg",
   "Image 2": "",
   "Product Link": "https://www.instacart.com/store/items/15692686?source1=aisle&source2=595&source3=595&impressionId=c035b9c4-336e-474c-813f-4dc051b105b3",
   "FIELD9": ""
 },
 {
   "category": "Bakery",
   "subcategory": "Buns & Rolls",
   "name": "Euro Classic Imports Euro Classic Brioche Hot Dog Buns\n",
   "price": "6.99",
   "description": "9.52 oz�",
   "image": "https://d2lnr5mha7bycj.cloudfront.net/product-image/file/large_5018bd5a-051b-4bcf-bee4-764ec8087314.jpg",
   "Image 2": "",
   "Product Link": "https://www.instacart.com/store/items/18883669?source1=aisle&source2=595&source3=595&impressionId=759122ce-2931-43e7-a358-20828cd550ef",
   "FIELD9": ""
 },
 {
   "category": "Bakery",
   "subcategory": "Buns & Rolls",
   "name": "365 Organic White Hamburger Buns\n",
   "price": "3.99",
   "description": "6 x 2.66 oz�",
   "image": "https://d2lnr5mha7bycj.cloudfront.net/product-image/file/large_8f6b9b8d-6770-4411-aa5d-eed5010cd1fd.jpg",
   "Image 2": "",
   "Product Link": "https://www.instacart.com/store/items/16195569?source1=aisle&source2=595&source3=595&impressionId=ba44d04a-3e23-48c6-8b59-454ec842e9ea",
   "FIELD9": ""
 },
 {
   "category": "Bakery",
   "subcategory": "Buns & Rolls",
   "name": "Udi's Gluten-Free Hot Dog Buns\n",
   "price": "5.49",
   "description": "14.4 oz�",
   "image": "https://d2lnr5mha7bycj.cloudfront.net/product-image/file/large_64623c29-5c84-42d0-920c-ec18e44ad52b.JPG",
   "Image 2": "",
   "Product Link": "https://www.instacart.com/store/items/4499579?source1=aisle&source2=595&source3=595&impressionId=9f803796-d38f-4663-9d1f-cf7c5aa897af",
   "FIELD9": ""
 },
 {
   "category": "Bakery",
   "subcategory": "Buns & Rolls",
   "name": "Whole Foods Market Challah Slider Buns 12 Count\n",
   "price": "3.99",
   "description": "14 oz�",
   "image": "https://d2lnr5mha7bycj.cloudfront.net/product-image/file/large_bf0ff046-514d-439e-b2f9-2ae8e9be0198.jpg",
   "Image 2": "",
   "Product Link": "https://www.instacart.com/store/items/4497475?source1=aisle&source2=595&source3=595&impressionId=ab30d235-5acd-4b1c-8b90-c93b1a8a6362",
   "FIELD9": ""
 },
 {
   "category": "Bakery",
   "subcategory": "Buns & Rolls",
   "name": "Engine 2 Sprouted Ancient Grain Buns\n",
   "price": "3.99",
   "description": "13 oz�",
   "image": "https://d2lnr5mha7bycj.cloudfront.net/product-image/file/large_d978a00c-8bdc-4c69-964f-91a8205f8ba2.jpg",
   "Image 2": "",
   "Product Link": "https://www.instacart.com/store/items/31672441?source1=aisle&source2=595&source3=595&impressionId=78ea8bc2-d1e9-4ffc-a336-a921ad26f77d",
   "FIELD9": ""
 },
 {
   "category": "Bakery",
   "subcategory": "Buns & Rolls",
   "name": "Franz Natural Sesame Hamburger Buns\n",
   "price": "3.99",
   "description": "21 oz�",
   "image": "https://d2lnr5mha7bycj.cloudfront.net/product-image/file/large_c100ed91-039c-49a3-aad9-4430cb371b0d.jpg",
   "Image 2": "",
   "Product Link": "https://www.instacart.com/store/items/23994584?source1=aisle&source2=595&source3=595&impressionId=c3bb11a0-9350-4671-81e5-9b147dfd2d5e",
   "FIELD9": ""
 },
 {
   "category": "Bakery",
   "subcategory": "Buns & Rolls",
   "name": "Dr. Schar Gluten Free Ciabatta Rolls\n",
   "price": "6.99",
   "description": "4.0 ct�",
   "image": "https://d2lnr5mha7bycj.cloudfront.net/product-image/file/large_81f4ef25-40ec-46cc-8f18-4b428cc56c34.jpg",
   "Image 2": "",
   "Product Link": "https://www.instacart.com/store/items/45121283?source1=aisle&source2=595&source3=595&impressionId=8fa5e120-7a40-4306-ab45-2f651c6a0b73",
   "FIELD9": ""
 },
 {
   "category": "Bakery",
   "subcategory": "Buns & Rolls",
   "name": "Franz Natural Hot Dog Buns 8 Count\n",
   "price": "3.99",
   "description": "14 oz�",
   "image": "https://d2lnr5mha7bycj.cloudfront.net/product-image/file/large_126c7740-2da0-4c79-8f47-30658318533f.jpg",
   "Image 2": "",
   "Product Link": "https://www.instacart.com/store/items/4491168?source1=aisle&source2=595&source3=595&impressionId=8faf7caf-5c70-48cc-88aa-20ac04cfa44f",
   "FIELD9": ""
 },
 {
   "category": "Bakery",
   "subcategory": "Buns & Rolls",
   "name": "365 Classic English Muffins\n",
   "price": "1.99",
   "description": "13 oz�",
   "image": "https://d2lnr5mha7bycj.cloudfront.net/product-image/file/large_21623b09-3f25-4e23-96c3-76acc26f1ee7.jpg",
   "Image 2": "",
   "Product Link": "https://www.instacart.com/store/items/21670146?source1=aisle&source2=3004&source3=3004&impressionId=ecc55c05-184a-4a2e-935e-08d95a5f1c84",
   "FIELD9": ""
 },
 {
   "category": "Bakery",
   "subcategory": "Buns & Rolls",
   "name": "Rudi's Organic Bakery Whole Grain Wheat English Muffins - 6 CT\n",
   "price": "4.99",
   "description": "12 oz�",
   "image": "https://d2lnr5mha7bycj.cloudfront.net/product-image/file/large_b865946e-8daa-4d22-82b9-b91be1a65a45.jpg",
   "Image 2": "",
   "Product Link": "https://www.instacart.com/store/items/4482930?source1=aisle&source2=3004&source3=3004&impressionId=d8a4ae81-a3fb-4c09-ab5d-2f474d28ec12",
   "FIELD9": ""
 },
 {
   "category": "Bakery",
   "subcategory": "Buns & Rolls",
   "name": "Euro Classic Imports Authentic French Brioche\n",
   "price": "7.99",
   "description": "14.11 oz�",
   "image": "https://d2lnr5mha7bycj.cloudfront.net/product-image/file/large_23afb41b-0ccc-4640-9987-b4b5fb4399e6.jpg",
   "Image 2": "",
   "Product Link": "https://www.instacart.com/store/items/4493936?source1=aisle&source2=3004&source3=3004&impressionId=f4e54bb7-b9ee-4e5f-ab47-88427b2d62bb",
   "FIELD9": ""
 },
 {
   "category": "Bakery",
   "subcategory": "Buns & Rolls",
   "name": "365 Wheat English Muffins\n",
   "price": "1.99",
   "description": "6 ct�",
   "image": "https://d2lnr5mha7bycj.cloudfront.net/product-image/file/large_82e46c28-7993-48e5-9227-28de0741ea8b.jpg",
   "Image 2": "",
   "Product Link": "https://www.instacart.com/store/items/15522354?source1=aisle&source2=3004&source3=3004&impressionId=4d554961-fe01-45aa-b40a-ce59f294f481",
   "FIELD9": ""
 },
 {
   "category": "Bakery",
   "subcategory": "Buns & Rolls",
   "name": "Ezekiel 4:9 Food for Life English Muffins\n",
   "price": "4.69",
   "description": "6 ct�",
   "image": "https://d2lnr5mha7bycj.cloudfront.net/product-image/file/large_6fdd3445-656b-4527-9db3-bb3c03835aef.jpg",
   "Image 2": "",
   "Product Link": "https://www.instacart.com/store/items/4483435?source1=aisle&source2=3004&source3=3004&impressionId=2b6403be-4b9a-4041-9db0-8cf9a103855a",
   "FIELD9": ""
 },
 {
   "category": "Bakery",
   "subcategory": "Buns & Rolls",
   "name": "Food for Life Sprouted Organic Cinnamon Raisin English Muffins\n",
   "price": "5.99",
   "description": "6 ct�",
   "image": "https://d2lnr5mha7bycj.cloudfront.net/product-image/file/large_86c9fa26-1f4c-406a-8dbf-71209f963aa0.jpg",
   "Image 2": "",
   "Product Link": "https://www.instacart.com/store/items/26139469?source1=aisle&source2=3004&source3=3004&impressionId=e3db90ab-076e-4c49-ac2a-fc3c00be70e2",
   "FIELD9": ""
 },
 {
   "category": "Bakery",
   "subcategory": "Buns & Rolls",
   "name": "Food for Life English Muffins 7-Sprouted Grains\n",
   "price": "4.69",
   "description": "6 ct�",
   "image": "https://d2lnr5mha7bycj.cloudfront.net/product-image/file/large_db390fa3-c8b2-49ae-8bf5-6815f340c92c.jpg",
   "Image 2": "",
   "Product Link": "https://www.instacart.com/store/items/4483685?source1=aisle&source2=3004&source3=3004&impressionId=a222b4f3-62e5-42fa-8e6d-01d4665eaef6",
   "FIELD9": ""
 },
 {
   "category": "Bakery",
   "subcategory": "Buns & Rolls",
   "name": "Udi's Gluten Free Blueberry Muffins\n",
   "price": "5.99",
   "description": "4 ct�",
   "image": "https://d2lnr5mha7bycj.cloudfront.net/product-image/file/large_d57b4186-118c-42fe-b01e-554b152b16b4.jpg",
   "Image 2": "",
   "Product Link": "https://www.instacart.com/store/items/4503972?source1=aisle&source2=3004&source3=3004&impressionId=1b4b2038-d5b2-4905-98af-266ad2ef8dee",
   "FIELD9": ""
 },
 {
   "category": "Bakery",
   "subcategory": "Buns & Rolls",
   "name": "Whole Foods Market Mini Blueberry Muffins\n",
   "price": "4.99",
   "description": "12 x 9.88 oz�",
   "image": "https://d2lnr5mha7bycj.cloudfront.net/product-image/file/large_1811c955-3c22-44f6-b287-e63971309a2e.jpg",
   "Image 2": "",
   "Product Link": "https://www.instacart.com/store/items/4491515?source1=aisle&source2=3004&source3=3004&impressionId=83b4f602-ad1e-414d-8662-42f09d90760f",
   "FIELD9": ""
 },
 {
   "category": "Bakery",
   "subcategory": "Buns & Rolls",
   "name": "Rudi's Organic Bakery Organic Multigrain with Flax English Muffins\n",
   "price": "4.99",
   "description": "12 oz�",
   "image": "https://d2lnr5mha7bycj.cloudfront.net/product-image/file/large_30171800-2eb2-47ae-ae6c-8799d33ed1d4.jpg",
   "Image 2": "",
   "Product Link": "https://www.instacart.com/store/items/4482855?source1=aisle&source2=3004&source3=3004&impressionId=531eae56-6247-40ba-8861-2849766911aa",
   "FIELD9": ""
 },
 {
   "category": "Bakery",
   "subcategory": "Buns & Rolls",
   "name": "Ozery Bakery Cranberry Orange Fruit & Grain Breakfast Buns 6 Count\n",
   "price": "3.39",
   "description": "12.7 oz�",
   "image": "https://d2lnr5mha7bycj.cloudfront.net/product-image/file/large_535871b1-3b8e-4093-ae93-b7df68760a3f.jpg",
   "Image 2": "",
   "Product Link": "https://www.instacart.com/store/items/4498300?source1=aisle&source2=3004&source3=3004&impressionId=f7a85a0a-f328-45b4-be63-ea43f0ceb411",
   "FIELD9": ""
 },
 {
   "category": "Bakery",
   "subcategory": "Buns & Rolls",
   "name": "Whole Foods Market Two Bite Orange Cranberry Scones\n",
   "price": "4.99",
   "description": "11 oz�",
   "image": "https://d2lnr5mha7bycj.cloudfront.net/product-image/file/large_a76876c3-c56c-4292-9b76-7aea65e12e74.jpg",
   "Image 2": "",
   "Product Link": "https://www.instacart.com/store/items/4605013?source1=aisle&source2=3004&source3=3004&impressionId=66de0be6-557b-41bc-a870-e156824ee9aa",
   "FIELD9": ""
 },
 {
   "category": "Bakery",
   "subcategory": "Buns & Rolls",
   "name": "Flax4Life Wild Blueberry Flax Muffins\n",
   "price": "5.99",
   "description": "4 ct�",
   "image": "https://d2lnr5mha7bycj.cloudfront.net/product-image/file/large_7940b01e-637d-4f16-a2ff-764acaa275c6.jpg",
   "Image 2": "",
   "Product Link": "https://www.instacart.com/store/items/4481615?source1=aisle&source2=3004&source3=3004&impressionId=2fc5d2b4-3540-48f6-93f3-98796cde51e1",
   "FIELD9": ""
 },
 {
   "category": "Bakery",
   "subcategory": "Buns & Rolls",
   "name": "Whole Foods Market Bagel\n",
   "price": "1.29",
   "description": "",
   "image": "https://d2lnr5mha7bycj.cloudfront.net/product-image/file/large_6e797926-b7d6-4c70-a86d-36699cf064fe.jpg",
   "Image 2": "",
   "Product Link": "https://www.instacart.com/store/items/8150632?source1=aisle&source2=3004&source3=3004&impressionId=8b54065c-8427-46a5-9d42-dce43dd111c0",
   "FIELD9": ""
 },
 {
   "category": "Bakery",
   "subcategory": "Buns & Rolls",
   "name": "Udi's Gluten Free Whole Grain Bagels\n",
   "price": "5.99",
   "description": "4 ct�",
   "image": "https://d2lnr5mha7bycj.cloudfront.net/product-image/file/large_25787275-9a4a-4e76-9191-5ff8425db314.jpg",
   "Image 2": "",
   "Product Link": "https://www.instacart.com/store/items/4500657?source1=aisle&source2=3004&source3=3004&impressionId=e19f2248-b203-4a98-9a7e-f2c634d394aa",
   "FIELD9": ""
 },
 {
   "category": "Bakery",
   "subcategory": "Buns & Rolls",
   "name": "Ozery Bakery Morning Rounds Muesli Fruit & Grain Buns\n",
   "price": "3.39",
   "description": "12.7 oz�",
   "image": "https://d2lnr5mha7bycj.cloudfront.net/product-image/file/large_300eeb53-bce3-446f-917b-1b61da6b74d6.jpg",
   "Image 2": "",
   "Product Link": "https://www.instacart.com/store/items/4498579?source1=aisle&source2=3004&source3=3004&impressionId=82003d80-e07e-4294-b0e3-e6f8012bf6a5",
   "FIELD9": ""
 },
 {
   "category": "Bakery",
   "subcategory": "Buns & Rolls",
   "name": "Rudi's Organic Bakery Organic Plain Bagel\n",
   "price": "4.99",
   "description": "15 oz�",
   "image": "https://d2lnr5mha7bycj.cloudfront.net/product-image/file/large_05b6bad2-f57f-47ec-a820-0981bc6c6e38.jpg",
   "Image 2": "",
   "Product Link": "https://www.instacart.com/store/items/13337111?source1=aisle&source2=3004&source3=3004&impressionId=522a9957-8d17-4fee-8242-0fe42afe96eb",
   "FIELD9": ""
 },
 {
   "category": "Bakery",
   "subcategory": "Buns & Rolls",
   "name": "365 Cinnamon Raisin Bread\n",
   "price": "3.49",
   "description": "16 oz�",
   "image": "https://d2lnr5mha7bycj.cloudfront.net/product-image/file/large_f540df66-93c5-41b6-8c94-9daa903b8e61.jpg",
   "Image 2": "",
   "Product Link": "https://www.instacart.com/store/items/15692622?source1=aisle&source2=3004&source3=3004&impressionId=5ea67b06-c117-49ce-8199-696ece6c09e7",
   "FIELD9": ""
 },
 {
   "category": "Bakery",
   "subcategory": "Buns & Rolls",
   "name": "Whole Foods Market Two Bite Lemon Poppyseed Scones\n",
   "price": "4.99",
   "description": "11.25 oz \n",
   "image": "https://d2lnr5mha7bycj.cloudfront.net/product-image/file/large_f9ddc2f5-699f-49a9-8e95-9b7b49e86f63.jpg",
   "Image 2": "",
   "Product Link": "https://www.instacart.com/store/items/4502106?source1=aisle&source2=3004&source3=3004&impressionId=96102b58-7629-4ef3-bcc5-22e3432898e6",
   "FIELD9": ""
 },
 {
   "category": "Bakery",
   "subcategory": "Buns & Rolls",
   "name": "Food for Life Gluten Free English Muffins Brown Rice - 6 CT\n",
   "price": "5.99",
   "description": "18.0 oz \n",
   "image": "https://d2lnr5mha7bycj.cloudfront.net/product-image/file/large_33eba302-2fdc-419c-9958-c805cfdb2d65.jpg",
   "Image 2": "",
   "Product Link": "https://www.instacart.com/store/items/4569131?source1=aisle&source2=3004&source3=3004&impressionId=b9d118e5-966c-400c-9248-69ec719fc45b",
   "FIELD9": ""
 },
 {
   "category": "Bakery",
   "subcategory": "Bakery Desserts\n",
   "name": "Whole Foods Market Two Bite Belgian Chocolate Brownies\n",
   "price": "4.99",
   "description": "11.2 oz \n",
   "image": "https://d2lnr5mha7bycj.cloudfront.net/product-image/file/large_96439ae6-95b7-4d09-9fa7-69fdb8b1e806.jpg",
   "Image 2": "",
   "Product Link": "https://www.instacart.com/store/items/18496783?source1=aisle&source2=1352&source3=1352&impressionId=7b6f4453-9d88-4f5a-8ed9-cd79a088b746",
   "FIELD9": ""
 },
 {
   "category": "Bakery",
   "subcategory": "Bakery Desserts\n",
   "name": "Whole Foods Market Two Bite Soft Baked Chocolate Chip Cookies\n",
   "price": "4.99",
   "description": "10.5 oz�",
   "image": "https://d2lnr5mha7bycj.cloudfront.net/product-image/file/large_80f28215-4f2d-414a-b917-312bd76bdb42.jpg",
   "Image 2": "",
   "Product Link": "https://www.instacart.com/store/items/22233776?source1=aisle&source2=1352&source3=1352&impressionId=ee7138ae-e02e-44f9-b1f2-068753f732c7",
   "FIELD9": ""
 },
 {
   "category": "Bakery",
   "subcategory": "Bakery Desserts\n",
   "name": "Whole Foods Market Two Bite Cinnamon Rolls\n",
   "price": "4.99",
   "description": "13 oz�",
   "image": "https://d2lnr5mha7bycj.cloudfront.net/product-image/file/large_d617b41b-710d-4d51-b3e5-955a52172bf9.jpg",
   "Image 2": "",
   "Product Link": "https://www.instacart.com/store/items/4593078?source1=aisle&source2=1352&source3=1352&impressionId=f4e71a0d-2815-4106-8da7-82ed29a6cff8",
   "FIELD9": ""
 },
 {
   "category": "Bakery",
   "subcategory": "Bakery Desserts\n",
   "name": "Whole Foods Market Cupcakes, Two-Bite, Vanilla\n",
   "price": "4.99",
   "description": "10.50 oz�",
   "image": "https://d2lnr5mha7bycj.cloudfront.net/product-image/file/large_b78261b9-f170-430d-b6df-bde93b76ad74.jpg",
   "Image 2": "",
   "Product Link": "https://www.instacart.com/store/items/21725598?source1=aisle&source2=1352&source3=1352&impressionId=db702d2d-e6b6-43f5-b6bc-2f428ac36cc9",
   "FIELD9": ""
 },
 {
   "category": "Bakery",
   "subcategory": "Bakery Desserts\n",
   "name": "Flax4Life Muffins, Mini, Flax, Chocolate Brownie\n",
   "price": "6.49",
   "description": "14 oz�",
   "image": "https://d2lnr5mha7bycj.cloudfront.net/product-image/file/large_667d3095-5cd3-4e31-99b5-503ed6f6700c.jpg",
   "Image 2": "",
   "Product Link": "https://www.instacart.com/store/items/4492546?source1=aisle&source2=1352&source3=1352&impressionId=322b302e-bb44-45fa-a91b-c834bbd8b892",
   "FIELD9": ""
 },
 {
   "category": "Bakery",
   "subcategory": "Bakery Desserts\n",
   "name": "Whole Foods Market Two Bite Orange Cranberry Scones\n",
   "price": "4.99",
   "description": "11 oz�",
   "image": "https://d2lnr5mha7bycj.cloudfront.net/product-image/file/large_a76876c3-c56c-4292-9b76-7aea65e12e74.jpg",
   "Image 2": "",
   "Product Link": "https://www.instacart.com/store/items/4605013?source1=aisle&source2=1352&source3=1352&impressionId=ea7c2dd9-47b7-4fce-9824-af6dce9bee65",
   "FIELD9": ""
 },
 {
   "category": "Bakery",
   "subcategory": "Bakery Desserts\n",
   "name": "Whole Foods Market Cupcakes, Two-Bite, Chocolate\n",
   "price": "4.99",
   "description": "10.5 oz�",
   "image": "https://d2lnr5mha7bycj.cloudfront.net/product-image/file/large_a29a29f2-1920-4b43-95f7-90ee5b034ac4.jpg",
   "Image 2": "",
   "Product Link": "https://www.instacart.com/store/items/21953791?source1=aisle&source2=1352&source3=1352&impressionId=7b3e5336-1d20-4397-ae9b-d382ec2b324c",
   "FIELD9": ""
 },
 {
   "category": "Bakery",
   "subcategory": "Bakery Desserts\n",
   "name": "Two-Bite Blueberry Scones\n",
   "price": "4.99",
   "description": "11.25 oz�",
   "image": "https://d2lnr5mha7bycj.cloudfront.net/product-image/file/large_13368dca-d709-4701-8beb-be17d2020806.jpg",
   "Image 2": "",
   "Product Link": "https://www.instacart.com/store/items/22186767?source1=aisle&source2=1352&source3=1352&impressionId=c2729edc-aad4-44ee-a871-6c54d77862aa",
   "FIELD9": ""
 },
 {
   "category": "Bakery",
   "subcategory": "Bakery Desserts\n",
   "name": "Whole Foods Market Tiramisu Cake Slice\n",
   "price": "3.99",
   "description": "3 oz�",
   "image": "https://d2lnr5mha7bycj.cloudfront.net/product-image/file/large_ed637ec3-e24d-4d2e-83ba-02ccd616dc64.jpg",
   "Image 2": "",
   "Product Link": "https://www.instacart.com/store/items/42652864?source1=aisle&source2=1352&source3=1352&impressionId=824e47ff-7985-46e0-bcc7-7e1c6725e1be",
   "FIELD9": ""
 },
 {
   "category": "Bakery",
   "subcategory": "Bakery Desserts\n",
   "name": "Rubicon Bakery Chocolate Delights Cupcakes\n",
   "price": "4.99",
   "description": "10 oz�",
   "image": "https://d2lnr5mha7bycj.cloudfront.net/product-image/file/large_4b9fa062-3d9a-42d2-877d-6ea83ebe2662.jpg",
   "Image 2": "",
   "Product Link": "https://www.instacart.com/store/items/49659650?source1=aisle&source2=1352&source3=1352&impressionId=5c5169ae-dc79-43be-a105-cdd30a1ba1ff",
   "FIELD9": ""
 },
 {
   "category": "Bakery",
   "subcategory": "Bakery Desserts\n",
   "name": "Hail Merry Caramel Sea Salt Macaroons\n",
   "price": "3.99",
   "description": "3.5 oz�",
   "image": "https://d2lnr5mha7bycj.cloudfront.net/product-image/file/large_0004825e-e862-429f-a848-8d7f2cf56c7c.jpg",
   "Image 2": "",
   "Product Link": "https://www.instacart.com/store/items/4522369?source1=aisle&source2=1352&source3=1352&impressionId=7f51519e-d76c-4612-82f2-959501daae47",
   "FIELD9": ""
 },
 {
   "category": "Bakery",
   "subcategory": "Bakery Desserts\n",
   "name": "Laura's Wholesome Junk Food Oatmeal Chocolate Chip Bite-Lettes\n",
   "price": "5.99",
   "description": "7 oz�",
   "image": "https://d2lnr5mha7bycj.cloudfront.net/product-image/file/large_0a9e634e-2b93-40c5-b174-64c31e39f374.jpg",
   "Image 2": "",
   "Product Link": "https://www.instacart.com/store/items/4501843?source1=aisle&source2=1352&source3=1352&impressionId=62dc9a39-c241-4015-b7b9-6b367da84836",
   "FIELD9": ""
 },
 {
   "category": "Bakery",
   "subcategory": "Bakery Desserts\n",
   "name": "Whole Foods Market Pumpkin Pie",
   "price": "12.99",
   "description": "24 oz \n",
   "image": "https://d2lnr5mha7bycj.cloudfront.net/product-image/file/large_5b57050d-4fb3-4e53-9d1c-d682cd0996f4.jpg",
   "Image 2": "",
   "Product Link": "https://www.instacart.com/store/items/26140671?source1=aisle&source2=1352&source3=1352&impressionId=1cecc6b5-7b33-46c3-9f55-c3dfccea500d",
   "FIELD9": ""
 },
 {
   "category": "Bakery",
   "subcategory": "Bakery Desserts\n",
   "name": "Rubics Bakery Vanilla Cupcakes\n",
   "price": "4.99",
   "description": "4 x 2.5 oz�",
   "image": "https://d2lnr5mha7bycj.cloudfront.net/product-image/file/large_75621877-0b45-48fc-b7a9-9a6c0ac1bb81.jpg",
   "Image 2": "",
   "Product Link": "https://www.instacart.com/store/items/50208996?source1=aisle&source2=1352&source3=1352&impressionId=604c766f-9b12-4304-88cb-343aae921b9b",
   "FIELD9": ""
 },
 {
   "category": "Bakery",
   "subcategory": "Bakery Desserts\n",
   "name": "Hail Merry Meyer Lemon Miracle Tart\n",
   "price": "3.99",
   "description": "3 oz�",
   "image": "https://d2lnr5mha7bycj.cloudfront.net/product-image/file/large_451620dd-6779-4fc5-bb08-9e4f7a0b9c97.jpg",
   "Image 2": "",
   "Product Link": "https://www.instacart.com/store/items/4571998?source1=aisle&source2=1352&source3=1352&impressionId=2bbdf864-94af-4033-9ae0-aaa8fe05aa8f",
   "FIELD9": ""
 },
 {
   "category": "Bakery",
   "subcategory": "Bakery Desserts\n",
   "name": "Whole Foods Market Gluten Free Apple Pie\n",
   "price": "12.99",
   "description": "28 oz�",
   "image": "https://d2lnr5mha7bycj.cloudfront.net/product-image/file/large_7976d13b-7fbc-48cc-a88a-c0f0a27a2e09.jpg",
   "Image 2": "",
   "Product Link": "https://www.instacart.com/store/items/4498053?source1=aisle&source2=1352&source3=1352&impressionId=53ec5d2c-bc48-4f1a-b6d9-d30ae2707529",
   "FIELD9": ""
 },
 {
   "category": "Bakery",
   "subcategory": "Bakery Desserts\n",
   "name": "Whole Foods Market Two Bite Oatmeal Cookie\n",
   "price": "4.99",
   "description": "10.5 oz�",
   "image": "https://d2lnr5mha7bycj.cloudfront.net/product-image/file/large_2c4b9e70-4567-4fc2-9455-506e8e2101ba.jpg",
   "Image 2": "",
   "Product Link": "https://www.instacart.com/store/items/4605030?source1=aisle&source2=1352&source3=1352&impressionId=5a39e156-f8af-4151-82c2-5980f5520e68",
   "FIELD9": ""
 },
 {
   "category": "Bakery",
   "subcategory": "Bakery Desserts\n",
   "name": "Wow Baking Chocolate Chip Cookies\n",
   "price": "5.99",
   "description": "8 oz�",
   "image": "https://d2lnr5mha7bycj.cloudfront.net/product-image/file/large_795f6fc4-d8ac-4943-b2a2-1cb60ad69fc9.jpg",
   "Image 2": "",
   "Product Link": "https://www.instacart.com/store/items/12214719?source1=aisle&source2=1352&source3=1352&impressionId=c110f0db-9274-485b-a8fa-28da6076d6ab",
   "FIELD9": ""
 },
 {
   "category": "Bakery",
   "subcategory": "Bakery Desserts\n",
   "name": "Hail Merry Chocolate Mint Miracle Tart\n",
   "price": "3.99",
   "description": "3 oz \n",
   "image": "https://d2lnr5mha7bycj.cloudfront.net/product-image/file/large_e0812c93-7243-4ed3-9b15-ad0ab8d8f68d.jpg",
   "Image 2": "",
   "Product Link": "https://www.instacart.com/store/items/4571976?source1=aisle&source2=1352&source3=1352&impressionId=34c45a7b-e94e-46a0-9732-4b4a081f9f8a",
   "FIELD9": ""
 },
 {
   "category": "Bakery",
   "subcategory": "Bakery Desserts\n",
   "name": "Rubics Bakery Lemon Cupcakes\n",
   "price": "4.99",
   "description": "",
   "image": "https://d2lnr5mha7bycj.cloudfront.net/product-image/file/large_05257a44-d2c8-40ca-ae95-2d5a48bbed32.jpg",
   "Image 2": "",
   "Product Link": "https://www.instacart.com/store/items/49366488?source1=aisle&source2=1352&source3=1352&impressionId=9875fc22-f04d-4e0c-8982-03f1926f9823",
   "FIELD9": ""
 },
 {
   "category": "Canned Goods",
   "subcategory": "Canned Fruit & Applesauce",
   "name": "365 Organic Unsweetened Apple Sauce",
   "price": "3.49",
   "description": "6 x 4 oz ",
   "image": "https://d2lnr5mha7bycj.cloudfront.net/product-image/file/large_1c3b5c32-9d0a-46c1-87b7-050c61c0eb88.jpg",
   "Image 2": "",
   "Product Link": "https://www.instacart.com/store/items/4535267?source1=aisle&source2=3619&source3=3619&impressionId=62023434-fef3-4e73-94ac-b1e7f30aed70",
   "FIELD9": ""
 },
 {
   "category": "Canned Goods",
   "subcategory": "Canned Fruit & Applesauce",
   "name": "365 Organic Unsweetened Apple Sauce",
   "price": "2.79",
   "description": "24 oz ",
   "image": "https://d2lnr5mha7bycj.cloudfront.net/product-image/file/large_e14316e4-23b0-417b-a43d-2890ab3c6563.jpg",
   "Image 2": "",
   "Product Link": "https://www.instacart.com/store/items/4535944?source1=aisle&source2=3619&source3=3619&impressionId=d45cf7f2-acde-4827-ade3-38ec93d14d34",
   "FIELD9": ""
 },
 {
   "category": "Canned Goods",
   "subcategory": "Canned Fruit & Applesauce",
   "name": "GoGo Squeez Organic Applesauce On The Go Apple Apple - 4 CT",
   "price": "4.39",
   "description": "4 x 3.2 oz ",
   "image": "https://d2lnr5mha7bycj.cloudfront.net/product-image/file/large_81d6496b-e3bc-4a62-b9e6-cceeb0dab283.jpg",
   "Image 2": "",
   "Product Link": "https://www.instacart.com/store/items/4540333?source1=aisle&source2=3619&source3=3619&impressionId=bc7f04ea-7da2-4482-9348-176da31e614b",
   "FIELD9": ""
 },
 {
   "category": "Canned Goods",
   "subcategory": "Canned Fruit & Applesauce",
   "name": "GoGo Squeez Organic Applesauce On The Go Apple Cinnamon - 4 CT",
   "price": "4.39",
   "description": "4 x 3.2 oz ",
   "image": "https://d2lnr5mha7bycj.cloudfront.net/product-image/file/large_92dee077-b868-4a53-aa77-15c4387d9e43.jpg",
   "Image 2": "",
   "Product Link": "https://www.instacart.com/store/items/4540200?source1=aisle&source2=3619&source3=3619&impressionId=f413d14c-cb5d-4c27-80a2-ddb7b25492dd",
   "FIELD9": ""
 },
 {
   "category": "Canned Goods",
   "subcategory": "Canned Fruit & Applesauce",
   "name": "365 Organic Cinnamon Apple Sauce",
   "price": "3.49",
   "description": "6 x 4 oz ",
   "image": "https://d2lnr5mha7bycj.cloudfront.net/product-image/file/large_f4f895c0-d1c1-4a4d-bd37-3f542b2547e5.jpg",
   "Image 2": "",
   "Product Link": "https://www.instacart.com/store/items/4535124?source1=aisle&source2=3619&source3=3619&impressionId=7934f37d-c152-4976-a68e-4f4c5b10df73",
   "FIELD9": ""
 },
 {
   "category": "Canned Goods",
   "subcategory": "Canned Fruit & Applesauce",
   "name": "365 Mandarin Oranges In Pear Juice",
   "price": "2.99",
   "description": "4 x 4 oz ",
   "image": "https://d2lnr5mha7bycj.cloudfront.net/product-image/file/large_d84664ea-7b0f-4e6e-af7a-eddc845779f1.jpg",
   "Image 2": "",
   "Product Link": "https://www.instacart.com/store/items/4542877?source1=aisle&source2=3619&source3=3619&impressionId=cd578a42-5cec-44b1-b36b-719db74e96c4",
   "FIELD9": ""
 },
 {
   "category": "Canned Goods",
   "subcategory": "Canned Fruit & Applesauce",
   "name": "GoGo Squeez Gogo Squeez Organic Apple Strawberry Applesauce on the Go",
   "price": "4.39",
   "description": "4 x 3.2 oz ",
   "image": "https://d2lnr5mha7bycj.cloudfront.net/product-image/file/large_cb706c7a-2efb-44c4-a566-e748be0f1148.jpg",
   "Image 2": "",
   "Product Link": "https://www.instacart.com/store/items/4538806?source1=aisle&source2=3619&source3=3619&impressionId=6d1d5b13-6c9e-4ddd-a6c8-bada75958b07",
   "FIELD9": ""
 },
 {
   "category": "Canned Goods",
   "subcategory": "Canned Fruit & Applesauce",
   "name": "Santa Cruz Organics Apple Sauce - 6 CT",
   "price": "4.99",
   "description": "6 x 4 oz ",
   "image": "https://d2lnr5mha7bycj.cloudfront.net/product-image/file/large_73125061-d1c4-441c-953b-1a02f53d3167.jpg",
   "Image 2": "",
   "Product Link": "https://www.instacart.com/store/items/4488898?source1=aisle&source2=3619&source3=3619&impressionId=be4e7e79-08cd-4769-ace1-cdaada7cb14d",
   "FIELD9": ""
 },
 {
   "category": "Canned Goods",
   "subcategory": "Canned Fruit & Applesauce",
   "name": "Materne GoGo Squeez Organic Applesauce On The Go Apple Banana - 4 CT",
   "price": "4.39",
   "description": "4 x 3.2 oz ",
   "image": "https://d2lnr5mha7bycj.cloudfront.net/product-image/file/large_c816019c-f3f6-4b6e-89e8-050fe5763710.jpg",
   "Image 2": "",
   "Product Link": "https://www.instacart.com/store/items/4540067?source1=aisle&source2=3619&source3=3619&impressionId=dd37c142-d78b-4f3a-afde-9994e128fe12",
   "FIELD9": ""
 },
 {
   "category": "Canned Goods",
   "subcategory": "Canned Fruit & Applesauce",
   "name": "365 Pineapple Chunks",
   "price": "2.29",
   "description": "20 oz ",
   "image": "https://d2lnr5mha7bycj.cloudfront.net/product-image/file/large_8a621b5a-3dcd-4e0b-ac12-bf52342117bf.jpg",
   "Image 2": "",
   "Product Link": "https://www.instacart.com/store/items/4539210?source1=aisle&source2=3619&source3=3619&impressionId=633180de-92eb-4d41-9e0c-6699ad70c65e",
   "FIELD9": ""
 },
 {
   "category": "Canned Goods",
   "subcategory": "Canned Fruit & Applesauce",
   "name": "365 Organic Peaches & Pears In Orange Pear Juice",
   "price": "3.99",
   "description": "4 x 4 oz ",
   "image": "https://d2lnr5mha7bycj.cloudfront.net/product-image/file/large_9758458b-763f-4464-8779-edf1f59fb48e.jpg",
   "Image 2": "",
   "Product Link": "https://www.instacart.com/store/items/4536798?source1=aisle&source2=3619&source3=3619&impressionId=a817337f-e3f9-427c-8e18-ee5301445f02",
   "FIELD9": ""
 },
 {
   "category": "Canned Goods",
   "subcategory": "Canned Fruit & Applesauce",
   "name": "365 Organic Diced Yellow Cling Peaches",
   "price": "3.99",
   "description": "4 x 4 oz ",
   "image": "https://d2lnr5mha7bycj.cloudfront.net/product-image/file/large_6dbec774-5e8d-439d-bc5e-2ebab34089dc.jpg",
   "Image 2": "",
   "Product Link": "https://www.instacart.com/store/items/4537113?source1=aisle&source2=3619&source3=3619&impressionId=373810d4-04f2-4f54-894b-2bfd254960aa",
   "FIELD9": ""
 },
 {
   "category": "Canned Goods",
   "subcategory": "Canned Fruit & Applesauce",
   "name": "365 Organic Pear Halves",
   "price": "2.29",
   "description": "15 oz ",
   "image": "https://d2lnr5mha7bycj.cloudfront.net/product-image/file/large_df84f205-54b9-4a5b-b4ee-9589780b3021.jpg",
   "Image 2": "",
   "Product Link": "https://www.instacart.com/store/items/4537387?source1=aisle&source2=3619&source3=3619&impressionId=f3a4c3d1-8ae5-481f-b670-8c690e321028",
   "FIELD9": ""
 },
 {
   "category": "Canned Goods",
   "subcategory": "Canned Fruit & Applesauce",
   "name": "365 Organic Yellow Cling Peach Slices",
   "price": "2.29",
   "description": "15 oz ",
   "image": "https://d2lnr5mha7bycj.cloudfront.net/product-image/file/large_5ea97ec7-55f2-4633-b2f8-620ccc0bc5aa.jpg",
   "Image 2": "",
   "Product Link": "https://www.instacart.com/store/items/4513370?source1=aisle&source2=3619&source3=3619&impressionId=1f2f4a01-a167-4562-8632-773aa50daef8",
   "FIELD9": ""
 },
 {
   "category": "Canned Goods",
   "subcategory": "Canned Fruit & Applesauce",
   "name": "Farmer's Market Organic Pumpkin",
   "price": "2.99",
   "description": "15 oz ",
   "image": "https://d2lnr5mha7bycj.cloudfront.net/product-image/file/large_2df655a0-10d5-4acf-ba09-d788b4078492.jpg",
   "Image 2": "",
   "Product Link": "https://www.instacart.com/store/items/4541299?source1=aisle&source2=3619&source3=3619&impressionId=4068469b-1f41-488e-a896-81a82d7576ab",
   "FIELD9": ""
 },
 {
   "category": "Canned Goods",
   "subcategory": "Canned Fruit & Applesauce",
   "name": "365 Pineapple Slices",
   "price": "2.29",
   "description": "20 oz ",
   "image": "https://d2lnr5mha7bycj.cloudfront.net/product-image/file/large_e5b16f3f-0363-4e55-bab5-7b90ca6f8ef7.jpg",
   "Image 2": "",
   "Product Link": "https://www.instacart.com/store/items/4539148?source1=aisle&source2=3619&source3=3619&impressionId=2f036d65-3087-41f3-b3e4-713b34c93069",
   "FIELD9": ""
 },
 {
   "category": "Canned Goods",
   "subcategory": "Canned Fruit & Applesauce",
   "name": "365 Organic Apple Sauce With Cinnamon",
   "price": "2.99",
   "description": "24 oz ",
   "image": "https://d2lnr5mha7bycj.cloudfront.net/product-image/file/large_abc069bb-d8be-4928-8018-4dbce5e1ce95.jpg",
   "Image 2": "",
   "Product Link": "https://www.instacart.com/store/items/4535704?source1=aisle&source2=3619&source3=3619&impressionId=4c1584cd-a928-4ad0-b5ca-63513ae2c398",
   "FIELD9": ""
 },
 {
   "category": "Canned Goods",
   "subcategory": "Canned Fruit & Applesauce",
   "name": "Materne GoGo Squeez Organic Applesauce On The Go Apple Berry - 4 CT",
   "price": "4.39",
   "description": "3.2 oz ",
   "image": "https://d2lnr5mha7bycj.cloudfront.net/product-image/file/large_f9fe8bb7-cfaf-40ab-a625-4c17aa3bb1f7.jpg",
   "Image 2": "",
   "Product Link": "https://www.instacart.com/store/items/4534255?source1=aisle&source2=3619&source3=3619&impressionId=2d307632-9410-401e-ba1e-ab704a4ee0ba",
   "FIELD9": ""
 },
 {
   "category": "Canned Goods",
   "subcategory": "Canned Fruit & Applesauce",
   "name": "365 Organic Diced Pears in Juice",
   "price": "3.99",
   "description": "4 x 4 oz ",
   "image": "https://d2lnr5mha7bycj.cloudfront.net/product-image/file/large_99f99ea5-8982-4e0d-8676-a346cba081e1.jpg",
   "Image 2": "",
   "Product Link": "https://www.instacart.com/store/items/4536924?source1=aisle&source2=3619&source3=3619&impressionId=c6f825a4-ff55-4277-b53f-6adae6a7e320",
   "FIELD9": ""
 },
 {
   "category": "Canned Goods",
   "subcategory": "Canned Fruit & Applesauce",
   "name": "365 Organic Mixed Berry Apple Sauce",
   "price": "3.49",
   "description": "6 x 4 oz ",
   "image": "https://d2lnr5mha7bycj.cloudfront.net/product-image/file/large_f46ec14d-8156-4123-b48b-1cf7695ce1a5.jpg",
   "Image 2": "",
   "Product Link": "https://www.instacart.com/store/items/4534860?source1=aisle&source2=3619&source3=3619&impressionId=de9249b6-222d-43d1-b88f-7e3efb2abdcc",
   "FIELD9": ""
 },
 {
   "category": "Canned Goods",
   "subcategory": "Canned & Jarred Vegetables",
   "name": "365 Organic Tomato Paste",
   "price": "0.99",
   "description": "6 oz ",
   "image": "https://d2lnr5mha7bycj.cloudfront.net/product-image/file/large_1270d354-fdb6-440b-ada6-07c206d40cde.jpg",
   "Image 2": "",
   "Product Link": "https://www.instacart.com/store/items/4487710?source1=aisle&source2=3620&source3=3620&impressionId=aa9898df-e66c-4628-8c0c-f1230fac2b0e",
   "FIELD9": ""
 },
 {
   "category": "Canned Goods",
   "subcategory": "Canned & Jarred Vegetables",
   "name": "365 Organic No Salt Added Whole Kernel Sweet Corn",
   "price": "1.98",
   "description": "15 oz�",
   "image": "https://d2lnr5mha7bycj.cloudfront.net/product-image/file/large_921bbd18-c4a7-40ee-a042-9f74aaa86f40.jpg",
   "Image 2": "",
   "Product Link": "https://www.instacart.com/store/items/4532643?source1=aisle&source2=3620&source3=3620&impressionId=51f3753c-20bb-4012-8e2e-6b4053457212",
   "FIELD9": ""
 },
 {
   "category": "Canned Goods",
   "subcategory": "Canned & Jarred Vegetables",
   "name": "365 Organic Diced Tomatoes",
   "price": "2.5",
   "description": "28 oz�",
   "image": "https://d2lnr5mha7bycj.cloudfront.net/product-image/file/large_37265913-65dd-4b4e-84c3-17b2a64ea5d9.jpg",
   "Image 2": "",
   "Product Link": "https://www.instacart.com/store/items/4487648?source1=aisle&source2=3620&source3=3620&impressionId=c4946fb7-7a2f-42f8-8bf4-a95cceada955",
   "FIELD9": ""
 },
 {
   "category": "Canned Goods",
   "subcategory": "Canned & Jarred Vegetables",
   "name": " 365 Organic No Salt Added Diced Tomatoes",
   "price": "1.69",
   "description": "14.5 oz�",
   "image": "https://d2lnr5mha7bycj.cloudfront.net/product-image/file/large_bbb4ed7b-859e-479e-9ed2-bcd3c6318156.jpg",
   "Image 2": "",
   "Product Link": "https://www.instacart.com/store/items/4487513?source1=aisle&source2=3620&source3=3620&impressionId=ac8be9d8-c4c9-47e3-bd4c-a49ba74bbe47",
   "FIELD9": ""
 },
 {
   "category": "Canned Goods",
   "subcategory": "Canned & Jarred Vegetables",
   "name": "365 Tomato Sauce",
   "price": "1.69",
   "description": "15 oz�",
   "image": "https://d2lnr5mha7bycj.cloudfront.net/product-image/file/large_087ebacc-c274-441b-b096-e75d7b653c68.jpg",
   "Image 2": "",
   "Product Link": "https://www.instacart.com/store/items/4487663?source1=aisle&source2=3620&source3=3620&impressionId=b990a69d-cb75-45b1-bdb4-251f37691a30",
   "FIELD9": ""
 },
 {
   "category": "Canned Goods",
   "subcategory": "Canned & Jarred Vegetables",
   "name": "365 Diced Fire Roasted Tomatoes",
   "price": "1.69",
   "description": "14.5 oz�",
   "image": "https://d2lnr5mha7bycj.cloudfront.net/product-image/file/large_2b83389e-521d-4978-840b-0285d965c770.jpg",
   "Image 2": "",
   "Product Link": "https://www.instacart.com/store/items/4543805?source1=aisle&source2=3620&source3=3620&impressionId=7c3dfe8a-5083-49a7-be68-6063fc7dea61",
   "FIELD9": ""
 },
 {
   "category": "Canned Goods",
   "subcategory": "Canned & Jarred Vegetables",
   "name": "365 Artichoke Hearts Packed In Water",
   "price": "2.69",
   "description": "8.5 oz�",
   "image": "https://d2lnr5mha7bycj.cloudfront.net/product-image/file/large_0419c2cf-a5e9-4646-8955-6a64aee213e6.jpg",
   "Image 2": "",
   "Product Link": "https://www.instacart.com/store/items/4489111?source1=aisle&source2=3620&source3=3620&impressionId=7160c23a-06bb-4dd5-8336-9fb513d0c599",
   "FIELD9": ""
 },
 {
   "category": "Canned Goods",
   "subcategory": "Canned & Jarred Vegetables",
   "name": "365 Organic Tomato Sauce",
   "price": "0.99",
   "description": "8 oz�",
   "image": "https://d2lnr5mha7bycj.cloudfront.net/product-image/file/large_ed09dec7-507d-44b3-82d2-04f66c64c70f.jpg",
   "Image 2": "",
   "Product Link": "https://www.instacart.com/store/items/18506901?source1=aisle&source2=3620&source3=3620&impressionId=66d9ebc7-7879-4028-9f76-13dc8145fe68",
   "FIELD9": ""
 },
 {
   "category": "Canned Goods",
   "subcategory": "Canned & Jarred Vegetables",
   "name": "365 Organic Crushed Tomatoes With Basil",
   "price": "2.5",
   "description": "28 oz�",
   "image": "https://d2lnr5mha7bycj.cloudfront.net/product-image/file/large_6cfdd4b3-41f7-415d-9dd4-a3d3c03f3ec9.jpg",
   "Image 2": "",
   "Product Link": "https://www.instacart.com/store/items/4484591?source1=aisle&source2=3620&source3=3620&impressionId=8f617693-18c7-445b-a113-f9e7def3c508",
   "FIELD9": ""
 },
 {
   "category": "Canned Goods",
   "subcategory": "Canned & Jarred Vegetables",
   "name": "San Marzano Whole Peeled Tomatoes",
   "price": "3.99",
   "description": "28 oz�",
   "image": "https://d2lnr5mha7bycj.cloudfront.net/product-image/file/large_d01a70e1-76c8-4a4a-8fbe-e78aa68a8f8a.jpg",
   "Image 2": "",
   "Product Link": "https://www.instacart.com/store/items/4479270?source1=aisle&source2=3620&source3=3620&impressionId=4b8bb854-d890-4fc2-ab15-a9204b17954a",
   "FIELD9": ""
 },
 {
   "category": "Canned Goods",
   "subcategory": "Canned & Jarred Vegetables",
   "name": "365 Organic Cut No Salt Added Green Beans",
   "price": "1.99",
   "description": "14.5 oz�",
   "image": "https://d2lnr5mha7bycj.cloudfront.net/product-image/file/large_a94e7dc5-86c8-42b0-9da4-401da1780ea1.jpg",
   "Image 2": "",
   "Product Link": "https://www.instacart.com/store/items/4532507?source1=aisle&source2=3620&source3=3620&impressionId=7b3540de-d0b3-4394-8f02-959fe59f26a3",
   "FIELD9": ""
 },
 {
   "category": "Canned Goods",
   "subcategory": "Canned & Jarred Vegetables",
   "name": "Hatch Mild Diced Green Chiles",
   "price": "2.19",
   "description": "4 oz�",
   "image": "https://d2lnr5mha7bycj.cloudfront.net/product-image/file/large_85f4ba9d-4700-44da-a403-9f27d253d314.jpg",
   "Image 2": "",
   "Product Link": "https://www.instacart.com/store/items/4458106?source1=aisle&source2=3620&source3=3620&impressionId=773e0efc-6415-4d57-9c7b-ca030e870402",
   "FIELD9": ""
 },
 {
   "category": "Canned Goods",
   "subcategory": "Canned & Jarred Vegetables",
   "name": "365 Diced Tomatoes",
   "price": "2",
   "description": "28 oz�",
   "image": "https://d2lnr5mha7bycj.cloudfront.net/product-image/file/large_c52657b8-2f5a-42f7-8c03-c05b568ac240.jpg",
   "Image 2": "",
   "Product Link": "https://www.instacart.com/store/items/4460519?source1=aisle&source2=3620&source3=3620&impressionId=7f0a83d3-2529-46d5-90f3-d4a2c401c73c",
   "FIELD9": ""
 },
 {
   "category": "Canned Goods",
   "subcategory": "Canned & Jarred Vegetables",
   "name": "San Marzano Crushed Tomatoes",
   "price": "3.99",
   "description": "28 oz",
   "image": "https://d2lnr5mha7bycj.cloudfront.net/product-image/file/large_4f41b144-72c8-400f-a193-280137fe9690.jpg",
   "Image 2": "",
   "Product Link": "https://www.instacart.com/store/items/20973748?source1=aisle&source2=3620&source3=3620&impressionId=ced715f2-8e01-4aa3-bd5e-ff0c7bbd2aaa",
   "FIELD9": ""
 },
 {
   "category": "Canned Goods",
   "subcategory": "Canned & Jarred Vegetables",
   "name": "365 Organics Organic Diced Tomatoes",
   "price": "1.69",
   "description": "14.5 oz�",
   "image": "https://d2lnr5mha7bycj.cloudfront.net/product-image/file/large_0b6af262-aee1-46c9-b7c3-8a5a823b34ec.jpg",
   "Image 2": "",
   "Product Link": "https://www.instacart.com/store/items/4487549?source1=aisle&source2=3620&source3=3620&impressionId=a22e36e1-2981-464e-a165-1ada384b358b",
   "FIELD9": ""
 },
 {
   "category": "Canned Goods",
   "subcategory": "Canned & Jarred Vegetables",
   "name": "365 Organics Organic Whole Peeled Tomatoes",
   "price": "2.5",
   "description": "28 oz�",
   "image": "https://d2lnr5mha7bycj.cloudfront.net/product-image/file/large_2e4bc08f-8b31-4e82-b99e-bd4ec37103e9.jpg",
   "Image 2": "",
   "Product Link": "https://www.instacart.com/store/items/4487600?source1=aisle&source2=3620&source3=3620&impressionId=34b95cf5-4dc9-4385-828a-10f9f145630f",
   "FIELD9": ""
 },
 {
   "category": "Canned Goods",
   "subcategory": "Canned & Jarred Vegetables",
   "name": "365 Whole Hearts Of Palm",
   "price": "2.99",
   "description": "14.1 oz�",
   "image": "https://d2lnr5mha7bycj.cloudfront.net/product-image/file/large_6ae4b2d6-d8ef-41c6-b2e7-8b2144c784b7.jpg",
   "Image 2": "",
   "Product Link": "https://www.instacart.com/store/items/26140324?source1=aisle&source2=3620&source3=3620&impressionId=48148d5a-8390-4a8a-90f1-29afed67da77",
   "FIELD9": ""
 },
 {
   "category": "Canned Goods",
   "subcategory": "Canned & Jarred Vegetables",
   "name": "365 Artichoke Quarters Packed In Water",
   "price": "2.69",
   "description": "14.1 oz�",
   "image": "https://d2lnr5mha7bycj.cloudfront.net/product-image/file/large_5ee2da16-0da1-411e-8b9b-2cb401761af0.jpg",
   "Image 2": "",
   "Product Link": "https://www.instacart.com/store/items/4536555?source1=aisle&source2=3620&source3=3620&impressionId=84b9dfd2-7aab-4ab8-9ed7-0eac2ae36220",
   "FIELD9": ""
 },
 {
   "category": "Canned Goods",
   "subcategory": "Canned & Jarred Vegetables",
   "name": "Divina Organic Pitted Kalamata Olives",
   "price": "5.49",
   "description": "10.2 oz�",
   "image": "https://d2lnr5mha7bycj.cloudfront.net/product-image/file/large_d89d5a72-2f45-4dd5-82dd-0cead4e61fa8.jpg",
   "Image 2": "",
   "Product Link": "https://www.instacart.com/store/items/4519684?source1=aisle&source2=3620&source3=3620&impressionId=b58151da-86d7-410b-a2d3-20c538c1da00",
   "FIELD9": ""
 },
 {
   "category": "Canned Goods",
   "subcategory": "Canned & Jarred Vegetables",
   "name": "365 Organic Sundried Tomatoes In Olive Oil",
   "price": "5.49",
   "description": "8.5 oz�",
   "image": "https://d2lnr5mha7bycj.cloudfront.net/product-image/file/large_004e5098-fda0-4e7e-b66e-f1234aa0b7ab.jpg",
   "Image 2": "",
   "Product Link": "https://www.instacart.com/store/items/4526286?source1=aisle&source2=3620&source3=3620&impressionId=f5e45169-6279-4530-b4fa-52d1d3f6a1e6",
   "FIELD9": ""
 },
 {
   "category": "Canned Goods",
   "subcategory": "Canned Meals & Beans",
   "name": "365 Organic Black Beans",
   "price": "0.99",
   "description": "15 oz�",
   "image": "https://d2lnr5mha7bycj.cloudfront.net/product-image/file/large_0c41be79-9f03-4c7a-953a-491243d6bb45.jpg",
   "Image 2": "",
   "Product Link": "https://www.instacart.com/store/items/15077882?source1=aisle&source2=3621&source3=3621&impressionId=c0ede9a4-26fd-46c3-844b-47f78f6d9c6f",
   "FIELD9": ""
 },
 {
   "category": "Canned Goods",
   "subcategory": "Canned Meals & Beans",
   "name": "365 No Salt Added Black Beans",
   "price": "0.79",
   "description": "15 oz�",
   "image": "https://d2lnr5mha7bycj.cloudfront.net/product-image/file/large_72efbac3-1c5f-49af-aec3-243cd1994a90.jpg",
   "Image 2": "",
   "Product Link": "https://www.instacart.com/store/items/4488000?source1=aisle&source2=3621&source3=3621&impressionId=5bf9ba34-86c6-4577-87dd-a1d4e5273030",
   "FIELD9": ""
 },
 {
   "category": "Canned Goods",
   "subcategory": "Canned Meals & Beans",
   "name": "365 Organic Garbanzo Beans",
   "price": "0.99",
   "description": "15 oz�",
   "image": "https://d2lnr5mha7bycj.cloudfront.net/product-image/file/large_7267e8ec-18b2-4cb3-902e-673a2b5ae1c5.jpg",
   "Image 2": "",
   "Product Link": "https://www.instacart.com/store/items/12320191?source1=aisle&source2=3621&source3=3621&impressionId=dbc76bc9-66fd-491c-97db-7f66aabb9dcd",
   "FIELD9": ""
 },
 {
   "category": "Canned Goods",
   "subcategory": "Canned Meals & Beans",
   "name": "365 Organic Dark Red Kidney Beans",
   "price": "0.99",
   "description": "15.25 oz�",
   "image": "https://d2lnr5mha7bycj.cloudfront.net/product-image/file/large_0a54629c-917b-43ae-8a66-8bc3662b0b21.jpg",
   "Image 2": "",
   "Product Link": "https://www.instacart.com/store/items/21895073?source1=aisle&source2=3621&source3=3621&impressionId=a410787e-48cc-4842-964b-85947d0b3e2c",
   "FIELD9": ""
 },
 {
   "category": "Canned Goods",
   "subcategory": "Canned Meals & Beans",
   "name": "365 No Salt Added Garbanzo Beans",
   "price": "0.99",
   "description": "15 oz�",
   "image": "https://d2lnr5mha7bycj.cloudfront.net/product-image/file/large_12b16195-81b9-4a4a-8032-3477dbe29a08.jpg",
   "Image 2": "",
   "Product Link": "https://www.instacart.com/store/items/4539640?source1=aisle&source2=3621&source3=3621&impressionId=99b4d116-fcbb-4347-8efc-0ea7b771a335",
   "FIELD9": ""
 },
 {
   "category": "Canned Goods",
   "subcategory": "Canned Meals & Beans",
   "name": "365 Organic Cannellini Beans",
   "price": "0.99",
   "description": "15 oz�",
   "image": "https://d2lnr5mha7bycj.cloudfront.net/product-image/file/large_5be477b4-a6b9-4d25-a2e2-ec3a63ac8aec.jpg",
   "Image 2": "",
   "Product Link": "https://www.instacart.com/store/items/14574970?source1=aisle&source2=3621&source3=3621&impressionId=dc758ac2-72b1-418c-a03c-e202ca19d29b",
   "FIELD9": ""
 },
 {
   "category": "Canned Goods",
   "subcategory": "Canned Meals & Beans",
   "name": "365 Unsalted Garbanzo Beans",
   "price": "0.79",
   "description": "15.5 oz�",
   "image": "https://d2lnr5mha7bycj.cloudfront.net/product-image/file/large_26711f94-59c8-429f-ad77-3ec2a5f8a8e4.jpg",
   "Image 2": "",
   "Product Link": "https://www.instacart.com/store/items/29485034?source1=aisle&source2=3621&source3=3621&impressionId=48e0de3d-764c-48f4-a80d-44b7ea2883d2",
   "FIELD9": ""
 },
 {
   "category": "Canned Goods",
   "subcategory": "Canned Meals & Beans",
   "name": "365 Organic Pinto Beans",
   "price": "0.99",
   "description": "15 oz�",
   "image": "https://d2lnr5mha7bycj.cloudfront.net/product-image/file/large_5766a1c6-8aad-4358-a090-b5e7a9febe57.jpg",
   "Image 2": "",
   "Product Link": "https://www.instacart.com/store/items/13241911?source1=aisle&source2=3621&source3=3621&impressionId=61e8f718-259b-4d32-adad-bacca62aea9b",
   "FIELD9": ""
 },
 {
   "category": "Canned Goods",
   "subcategory": "Canned Meals & Beans",
   "name": "365 Organic Vegetarian Refried Pinto Beans",
   "price": "1.25",
   "description": "16 oz�",
   "image": "https://d2lnr5mha7bycj.cloudfront.net/product-image/file/large_80792271-5ddb-4e51-92ec-9a93c96c5a24.jpg",
   "Image 2": "",
   "Product Link": "https://www.instacart.com/store/items/11374392?source1=aisle&source2=3621&source3=3621&impressionId=715fda72-5365-4d27-89ca-484df49d791a",
   "FIELD9": ""
 },
 {
   "category": "Canned Goods",
   "subcategory": "Canned Meals & Beans",
   "name": "365 Organic Dry Black Beans",
   "price": "2.99",
   "description": "16 oz�",
   "image": "https://d2lnr5mha7bycj.cloudfront.net/product-image/file/large_1762b8cc-a735-4af1-af78-06c9b28e0428.jpg",
   "Image 2": "",
   "Product Link": "https://www.instacart.com/store/items/4487314?source1=aisle&source2=3621&source3=3621&impressionId=85b707fa-6c3a-4e34-b540-30db42b1179a",
   "FIELD9": ""
 },
 {
   "category": "Canned Goods",
   "subcategory": "Canned Meals & Beans",
   "name": "365 Dark Red Kidney Beans No Salt Added",
   "price": "0.79",
   "description": "15.5 oz�",
   "image": "https://d2lnr5mha7bycj.cloudfront.net/product-image/file/large_46cfe3f5-e536-40d1-9b10-47f6e1e66c35.jpg",
   "Image 2": "",
   "Product Link": "https://www.instacart.com/store/items/18795457?source1=aisle&source2=3621&source3=3621&impressionId=d8015e79-0619-41cc-9cb4-9287a82e5a85",
   "FIELD9": ""
 },
 {
   "category": "Canned Goods",
   "subcategory": "Canned Meals & Beans",
   "name": "365 Organic Baked Beans",
   "price": "1.48",
   "description": "15 oz�",
   "image": "https://d2lnr5mha7bycj.cloudfront.net/product-image/file/large_e3472601-6a34-4c42-a473-86f1242766a3.jpg",
   "Image 2": "",
   "Product Link": "https://www.instacart.com/store/items/4486845?source1=aisle&source2=3621&source3=3621&impressionId=bf8a7522-3ee4-4e23-8548-866443ef7dd7",
   "FIELD9": ""
 },
 {
   "category": "Canned Goods",
   "subcategory": "Canned Meals & Beans",
   "name": "365 Organic Cannellini Beans No Salt Added",
   "price": "0.99",
   "description": "13.4 oz�",
   "image": "https://d2lnr5mha7bycj.cloudfront.net/product-image/file/large_783b73d4-827a-4a2c-bd79-d66e3f5f3242.jpg",
   "Image 2": "",
   "Product Link": "https://www.instacart.com/store/items/4539345?source1=aisle&source2=3621&source3=3621&impressionId=9e53a840-af2e-4444-b306-0db33594e054",
   "FIELD9": ""
 },
 {
   "category": "Canned Goods",
   "subcategory": "Canned Meals & Beans",
   "name": "365 Organic Refried Black Beans",
   "price": "1.25",
   "description": "16 oz�",
   "image": "https://d2lnr5mha7bycj.cloudfront.net/product-image/file/large_f08dcb80-1402-4ec7-ba41-1cd3cd7c2c08.jpg",
   "Image 2": "",
   "Product Link": "https://www.instacart.com/store/items/22225369?source1=aisle&source2=3621&source3=3621&impressionId=53449730-e193-4f28-b795-9e265fe11d5b",
   "FIELD9": ""
 },
 {
   "category": "Canned Goods",
   "subcategory": "Canned Meals & Beans",
   "name": "365 Organic No Salt Added Kidney Beans",
   "price": "0.99",
   "description": "13.4 oz�",
   "image": "https://d2lnr5mha7bycj.cloudfront.net/product-image/file/large_e6aa2876-36bd-4781-92b4-83ffb6ee8f11.jpg",
   "Image 2": "",
   "Product Link": "https://www.instacart.com/store/items/4539499?source1=aisle&source2=3621&source3=3621&impressionId=8b007bf8-e4b0-4735-893d-6aa3d2a3c2e3",
   "FIELD9": ""
 },
 {
   "category": "Canned Goods",
   "subcategory": "Canned Meals & Beans",
   "name": "365 Pinto Beans No Salt Added",
   "price": "0.79",
   "description": "15.5 oz�",
   "image": "https://d2lnr5mha7bycj.cloudfront.net/product-image/file/large_ae65c435-ea77-4565-926f-413ed19d4d31.jpg",
   "Image 2": "",
   "Product Link": "https://www.instacart.com/store/items/23994816?source1=aisle&source2=3621&source3=3621&impressionId=fbc01374-ace4-4d35-8c6a-4f4b2d604e87",
   "FIELD9": ""
 },
 {
   "category": "Canned Goods",
   "subcategory": "Canned Meals & Beans",
   "name": "Eden Organic Black Beans No Salt Added",
   "price": "2.69",
   "description": "15 oz�",
   "image": "https://d2lnr5mha7bycj.cloudfront.net/product-image/file/large_deffee96-3513-48d1-8700-054ddda7675f.jpg",
   "Image 2": "",
   "Product Link": "https://www.instacart.com/store/items/4467012?source1=aisle&source2=3621&source3=3621&impressionId=f4a6b19c-685f-47e7-bd86-c5224f6caeff",
   "FIELD9": ""
 },
 {
   "category": "Canned Goods",
   "subcategory": "Canned Meals & Beans",
   "name": "365 Organic No Salt added Black Beans",
   "price": "0.99",
   "description": "13.4 oz",
   "image": "https://d2lnr5mha7bycj.cloudfront.net/product-image/file/large_e886018b-330a-42e2-bc3a-7f5d62ab0e84.jpg",
   "Image 2": "",
   "Product Link": "https://www.instacart.com/store/items/18637707?source1=aisle&source2=3621&source3=3621&impressionId=400df6b5-c823-4b9a-b298-524d932441a2",
   "FIELD9": ""
 },
 {
   "category": "Canned Goods",
   "subcategory": "Canned Meals & Beans",
   "name": "365 Organic Spicy Black Beans",
   "price": "0.99",
   "description": "15 oz�",
   "image": "https://d2lnr5mha7bycj.cloudfront.net/product-image/file/large_7d10aa84-983c-459b-9588-6b1524ac13c2.jpg",
   "Image 2": "",
   "Product Link": "https://www.instacart.com/store/items/4481097?source1=aisle&source2=3621&source3=3621&impressionId=654ae4f8-9dbe-46d7-b4f9-f7d056eed998",
   "FIELD9": ""
 },
 {
   "category": "Canned Goods",
   "subcategory": "Canned Meals & Beans",
   "name": "365 Organic Fat Free Refried Pinto Beans",
   "price": "1.25",
   "description": "16 oz�",
   "image": "https://d2lnr5mha7bycj.cloudfront.net/product-image/file/large_40527bbe-a291-415f-8991-3d7d4031fbcb.jpg",
   "Image 2": "",
   "Product Link": "https://www.instacart.com/store/items/13160454?source1=aisle&source2=3621&source3=3621&impressionId=ac296950-8f03-4ab7-b743-a3c6485450fa",
   "FIELD9": ""
 },
 {
   "category": "Canned Goods",
   "subcategory": "Canned Meat & Seafood",
   "name": "365 No Salt Added Chunk White Albacore Tuna",
   "price": "1.99",
   "description": "5 oz�",
   "image": "https://d2lnr5mha7bycj.cloudfront.net/product-image/file/large_0d9c0da0-4d00-40c1-be66-9aaee2126206.jpg",
   "Image 2": "",
   "Product Link": "https://www.instacart.com/store/items/4528463?source1=aisle&source2=3622&source3=3622&impressionId=c038d11b-f387-49fd-8f6a-3a94373cf257",
   "FIELD9": ""
 },
 {
   "category": "Canned Goods",
   "subcategory": "Canned Meat & Seafood",
   "name": "365 No Salt Added Chunk Light Tuna",
   "price": "1.99",
   "description": "5 oz�",
   "image": "https://d2lnr5mha7bycj.cloudfront.net/product-image/file/large_d81cd650-fbb2-42ff-9cef-0fd0df9cc985.jpg",
   "Image 2": "",
   "Product Link": "https://www.instacart.com/store/items/4528031?source1=aisle&source2=3622&source3=3622&impressionId=32c951fe-5b89-4f26-935e-8ae22a44ff22",
   "FIELD9": ""
 },
 {
   "category": "Canned Goods",
   "subcategory": "Canned Meat & Seafood",
   "name": "365 Chunk White Albacore Tuna in Water Salt Added",
   "price": "1.99",
   "description": "5 oz�",
   "image": "https://d2lnr5mha7bycj.cloudfront.net/product-image/file/large_53f9a1c7-3ee1-49a0-86d5-48944c3aad8e.jpg",
   "Image 2": "",
   "Product Link": "https://www.instacart.com/store/items/4528647?source1=aisle&source2=3622&source3=3622&impressionId=ed5372aa-f3e0-49e3-bcc4-056c901a474d",
   "FIELD9": ""
 },
 {
   "category": "Canned Goods",
   "subcategory": "Canned Meat & Seafood",
   "name": "365 Chunk White Albacore Tuna In EVOO",
   "price": "2.99",
   "description": "5 oz�",
   "image": "https://d2lnr5mha7bycj.cloudfront.net/product-image/file/large_4dc7b58f-c4a3-45c1-8c9b-76b68bffefae.jpg",
   "Image 2": "",
   "Product Link": "https://www.instacart.com/store/items/4527973?source1=aisle&source2=3622&source3=3622&impressionId=66081f6b-db5f-48cf-937c-6738e80853bc",
   "FIELD9": ""
 },
 {
   "category": "Canned Goods",
   "subcategory": "Canned Meat & Seafood",
   "name": "365 Wild Alaskan Pink Salmon",
   "price": "2.99",
   "description": "6 oz�",
   "image": "https://d2lnr5mha7bycj.cloudfront.net/product-image/file/large_ca0878a7-fa36-438d-8a17-28d027a801e5.jpg",
   "Image 2": "",
   "Product Link": "https://www.instacart.com/store/items/4542098?source1=aisle&source2=3622&source3=3622&impressionId=240b5cb4-3a6b-4b3e-aa58-065a5e9f0d80",
   "FIELD9": ""
 },
 {
   "category": "Canned Goods",
   "subcategory": "Canned Meat & Seafood",
   "name": "Wild Planet Wild Albacore Tuna No Salt Added",
   "price": "4.69",
   "description": "5 oz�",
   "image": "https://d2lnr5mha7bycj.cloudfront.net/product-image/file/large_3a5fd612-c9c0-45ba-a169-15b9b70a8c94.jpg",
   "Image 2": "",
   "Product Link": "https://www.instacart.com/store/items/4520982?source1=aisle&source2=3622&source3=3622&impressionId=c9ee0e16-07ff-401e-879c-44ced19afc4e",
   "FIELD9": ""
 },
 {
   "category": "Canned Goods",
   "subcategory": "Canned Meat & Seafood",
   "name": "365 Chunk Light Tuna Salt Added",
   "price": "1.99",
   "description": "5 oz�",
   "image": "https://d2lnr5mha7bycj.cloudfront.net/product-image/file/large_2e801bc9-b125-454b-b0ff-f65dbbd99928.jpg",
   "Image 2": "",
   "Product Link": "https://www.instacart.com/store/items/4528289?source1=aisle&source2=3622&source3=3622&impressionId=9bf560f4-ca80-44ba-b9a7-13d1e6362210",
   "FIELD9": ""
 },
 {
   "category": "Canned Goods",
   "subcategory": "Canned Meat & Seafood",
   "name": "Wild Planet Wild Sardines In Extra Virgin Olive Oil Lightly Smoked",
   "price": "2.99",
   "description": "4.375 oz�",
   "image": "https://d2lnr5mha7bycj.cloudfront.net/product-image/file/large_c090fe3d-d8c9-4e18-83da-bb69eb0e7c9e.jpg",
   "Image 2": "",
   "Product Link": "https://www.instacart.com/store/items/4542428?source1=aisle&source2=3622&source3=3622&impressionId=46542c2f-68dd-4ce1-add8-947c571cc952",
   "FIELD9": ""
 },
 {
   "category": "Canned Goods",
   "subcategory": "Canned Meat & Seafood",
   "name": "365 Wild Alaskan Pink Salmon",
   "price": "3.99",
   "description": "14.75 oz�",
   "image": "https://d2lnr5mha7bycj.cloudfront.net/product-image/file/large_0906b260-196a-43be-8a5a-97d7e4992235.jpg",
   "Image 2": "",
   "Product Link": "https://www.instacart.com/store/items/4486458?source1=aisle&source2=3622&source3=3622&impressionId=aa1fbb13-6726-4de7-aea9-e3ec7ac726e9",
   "FIELD9": ""
 },
 {
   "category": "Canned Goods",
   "subcategory": "Canned Meat & Seafood",
   "name": "Crown Prince Natural Wild Caught Skinless & Boneless Sardines In Pure Olive Oil",
   "price": "3.39",
   "description": "3.75 oz�",
   "image": "https://d2lnr5mha7bycj.cloudfront.net/product-image/file/large_66655345-5f3e-495a-93be-b9562feb21e1.jpg",
   "Image 2": "",
   "Product Link": "https://www.instacart.com/store/items/4466025?source1=aisle&source2=3622&source3=3622&impressionId=6ddf8cd1-7d7d-469d-bd19-0656205d1150",
   "FIELD9": ""
 },
 {
   "category": "Canned Goods",
   "subcategory": "Canned Meat & Seafood",
   "name": "Wild Planet Skipjack Wild Tuna",
   "price": "3.99",
   "description": "5 oz�",
   "image": "https://d2lnr5mha7bycj.cloudfront.net/product-image/file/large_b814227b-9489-4f3d-bedf-1dfa5f9cecea.jpg",
   "Image 2": "",
   "Product Link": "https://www.instacart.com/store/items/4520803?source1=aisle&source2=3622&source3=3622&impressionId=be3e897d-5483-4098-ae5e-8082145bc295",
   "FIELD9": ""
 },
 {
   "category": "Canned Goods",
   "subcategory": "Canned Meat & Seafood",
   "name": "Wild Planet Wild Sardines In Water",
   "price": "2.99",
   "description": "4.375 oz�",
   "image": "https://d2lnr5mha7bycj.cloudfront.net/product-image/file/large_403bc840-427c-4b23-a131-b80deba77485.jpg",
   "Image 2": "",
   "Product Link": "https://www.instacart.com/store/items/4542002?source1=aisle&source2=3622&source3=3622&impressionId=78f7a8cb-f2a0-40f2-b50c-7c56e68aa869",
   "FIELD9": ""
 },
 {
   "category": "Canned Goods",
   "subcategory": "Canned Meat & Seafood",
   "name": "Crown Prince Natural Flat Fillets Anchovies In Pure Olive Oil",
   "price": "3.69",
   "description": "1.5 oz�",
   "image": "https://d2lnr5mha7bycj.cloudfront.net/product-image/file/large_e120a24c-9e48-4a25-9134-887413df0c7c.jpg",
   "Image 2": "",
   "Product Link": "https://www.instacart.com/store/items/4466230?source1=aisle&source2=3622&source3=3622&impressionId=f8a3f43a-aa94-48fa-b60a-c592e0b9ab72",
   "FIELD9": ""
 },
 {
   "category": "Canned Goods",
   "subcategory": "Canned Meat & Seafood",
   "name": "Crown Prince Tuna in Spring Water Albacore Solid White",
   "price": "4.39",
   "description": "5.0 oz�",
   "image": "https://d2lnr5mha7bycj.cloudfront.net/product-image/file/large_7f1b9401-f6bb-405e-8a8f-c70d6ec118d9.jpg",
   "Image 2": "",
   "Product Link": "https://www.instacart.com/store/items/4527764?source1=aisle&source2=3622&source3=3622&impressionId=27ed8387-91bf-4373-adec-c4adcd58fe89",
   "FIELD9": ""
 },
 {
   "category": "Canned Goods",
   "subcategory": "Canned Meat & Seafood",
   "name": "Roland Flat Fillets of Anchovies",
   "price": "2.39",
   "description": "2 oz�",
   "image": "https://d2lnr5mha7bycj.cloudfront.net/product-image/file/large_6cff4553-37e1-41cd-b33c-6a01a434afdf.jpg",
   "Image 2": "",
   "Product Link": "https://www.instacart.com/store/items/4532782?source1=aisle&source2=3622&source3=3622&impressionId=ae1fb270-14b4-4863-81cb-4456f2650ce0",
   "FIELD9": ""
 },
 {
   "category": "Canned Goods",
   "subcategory": "Canned Meat & Seafood",
   "name": "365 Wild Alaskan Red Sockeye Salmon",
   "price": "4.79",
   "description": "7.5 oz�",
   "image": "https://d2lnr5mha7bycj.cloudfront.net/product-image/file/large_12012e08-7402-4ace-871e-cfbef87d82b8.jpg",
   "Image 2": "",
   "Product Link": "https://www.instacart.com/store/items/4486501?source1=aisle&source2=3622&source3=3622&impressionId=4dea9ef0-f284-4c3b-8040-b3e96b46408f",
   "FIELD9": ""
 },
 {
   "category": "Canned Goods",
   "subcategory": "Canned Meat & Seafood",
   "name": "Crown Prince Natural Naturally Smoked Oysters In Pure Olive Oil",
   "price": "3.39",
   "description": "3.0 oz�",
   "image": "https://d2lnr5mha7bycj.cloudfront.net/product-image/file/large_de0bf637-9d23-40be-a76d-5297a1d61ce8.jpg",
   "Image 2": "",
   "Product Link": "https://www.instacart.com/store/items/4465471?source1=aisle&source2=3622&source3=3622&impressionId=5c8ba8ac-5114-4524-ab0f-e27129e17dc3",
   "FIELD9": ""
 },
 {
   "category": "Canned Goods",
   "subcategory": "Canned Meat & Seafood",
   "name": "Tonnino Tuna Fillets in Olive Oil",
   "price": "8.99",
   "description": "6.7 oz�",
   "image": "https://d2lnr5mha7bycj.cloudfront.net/product-image/file/large_c34286d3-0cb4-47cc-8bd0-2080d6ae352d.jpg",
   "Image 2": "",
   "Product Link": "https://www.instacart.com/store/items/4527100?source1=aisle&source2=3622&source3=3622&impressionId=e1c81d11-a017-41f0-8675-4fbec65f3a19",
   "FIELD9": ""
 },
 {
   "category": "Canned Goods",
   "subcategory": "Canned Meat & Seafood",
   "name": "Crown Prince Natural Skinless & Boneless Sardines In Water",
   "price": "2.99",
   "description": "4.37 oz�",
   "image": "https://d2lnr5mha7bycj.cloudfront.net/product-image/file/large_43de2276-37d5-4495-914a-7c34f4e15e29.jpg",
   "Image 2": "",
   "Product Link": "https://www.instacart.com/store/items/4465813?source1=aisle&source2=3622&source3=3622&impressionId=61636217-0646-4d47-9448-42606f150ea3",
   "FIELD9": ""
 },
 {
   "category": "Canned Goods",
   "subcategory": "Canned Meat & Seafood",
   "name": "Pole & Line Pole Caught Albacore Tuna No Salt Added",
   "price": "2.99",
   "description": "5 oz�",
   "image": "https://d2lnr5mha7bycj.cloudfront.net/product-image/file/large_f95d3253-6011-4c03-af4f-31b4cbd0894c.jpg",
   "Image 2": "",
   "Product Link": "https://www.instacart.com/store/items/4533083?source1=aisle&source2=3622&source3=3622&impressionId=eb916d5f-1a34-4e6f-9f43-8065c1a15d1c",
   "FIELD9": ""
 },
 {
   "category": "Canned Goods",
   "subcategory": "Soup, Broth & Bouillon",
   "name": "365 Organic Chicken Stock",
   "price": "2.49",
   "description": "32 fl oz�",
   "image": "https://d2lnr5mha7bycj.cloudfront.net/product-image/file/large_566c2f1c-aac6-4a9b-b33e-864228ec6bca.jpg",
   "Image 2": "",
   "Product Link": "https://www.instacart.com/store/items/44785676?source1=aisle&source2=3623&source3=3623&impressionId=b49dc686-6601-4404-bcf9-6b607638d8c9",
   "FIELD9": ""
 },
 {
   "category": "Canned Goods",
   "subcategory": "Soup, Broth & Bouillon",
   "name": "365 Organic Low Sodium Chicken Broth",
   "price": "2.19",
   "description": "32 fl oz�",
   "image": "https://d2lnr5mha7bycj.cloudfront.net/product-image/file/large_d89317df-3414-4b4e-88f0-1a145e4190df.jpg",
   "Image 2": "",
   "Product Link": "https://www.instacart.com/store/items/37908147?source1=aisle&source2=3623&source3=3623&impressionId=33844d8e-1696-4c5a-81e4-8036ff6d2564",
   "FIELD9": ""
 },
 {
   "category": "Canned Goods",
   "subcategory": "Soup, Broth & Bouillon",
   "name": "365 Organic Chicken Broth",
   "price": "2.19",
   "description": "32 fl oz�",
   "image": "https://d2lnr5mha7bycj.cloudfront.net/product-image/file/large_2ff2b34a-a1d3-4ea5-ba2a-b9832b362b93.jpg",
   "Image 2": "",
   "Product Link": "https://www.instacart.com/store/items/37452837?source1=aisle&source2=3623&source3=3623&impressionId=b9969f99-316d-4464-a6d0-78e1a7bdf4d0",
   "FIELD9": ""
 },
 {
   "category": "Canned Goods",
   "subcategory": "Soup, Broth & Bouillon",
   "name": "365 Organic Beef Broth",
   "price": "2.49",
   "description": "32 fl oz�",
   "image": "https://d2lnr5mha7bycj.cloudfront.net/product-image/file/large_b26e1f22-7f99-498b-bfa4-4e3ef8c226e8.jpg",
   "Image 2": "",
   "Product Link": "https://www.instacart.com/store/items/30871645?source1=aisle&source2=3623&source3=3623&impressionId=5823ea76-7499-44d1-b0c7-94fb7c01c3ee",
   "FIELD9": ""
 },
 {
   "category": "Canned Goods",
   "subcategory": "Soup, Broth & Bouillon",
   "name": "Pacific Organic Free Range Chicken Broth",
   "price": "3.99",
   "description": "32 fl oz�",
   "image": "https://d2lnr5mha7bycj.cloudfront.net/product-image/file/large_19b85e76-b4e7-4913-ac2f-53bb6b598508.jpg",
   "Image 2": "",
   "Product Link": "https://www.instacart.com/store/items/4466585?source1=aisle&source2=3623&source3=3623&impressionId=34e1e389-b823-4ebf-b470-bcc16752b190",
   "FIELD9": ""
 },
 {
   "category": "Canned Goods",
   "subcategory": "Soup, Broth & Bouillon",
   "name": "Pacific Organic Low Sodium Vegetable Broth",
   "price": "3.99",
   "description": "32 fl oz�",
   "image": "https://d2lnr5mha7bycj.cloudfront.net/product-image/file/large_d8a84607-66cc-4e8f-b971-4d9836d9ad19.jpg",
   "Image 2": "",
   "Product Link": "https://www.instacart.com/store/items/4465496?source1=aisle&source2=3623&source3=3623&impressionId=faeab856-9978-413d-8b7b-f4d5ae5a7c87",
   "FIELD9": ""
 },
 {
   "category": "Canned Goods",
   "subcategory": "Soup, Broth & Bouillon",
   "name": "365 Organic Vegetable Broth Low Sodium",
   "price": "2.19",
   "description": "32 fl oz�",
   "image": "https://d2lnr5mha7bycj.cloudfront.net/product-image/file/large_3af45295-edf8-4355-95de-594d96c1fe74.jpg",
   "Image 2": "",
   "Product Link": "https://www.instacart.com/store/items/30187692?source1=aisle&source2=3623&source3=3623&impressionId=8d086f20-0801-42ac-a8bd-681df99b12c5",
   "FIELD9": ""
 },
 {
   "category": "Canned Goods",
   "subcategory": "Soup, Broth & Bouillon",
   "name": "Pacific Organic Bone Chicken Broth",
   "price": "5.99",
   "description": "32 oz�",
   "image": "https://d2lnr5mha7bycj.cloudfront.net/product-image/file/large_4d5211cd-c93a-4482-934a-fdb1a19c954b.JPG",
   "Image 2": "",
   "Product Link": "https://www.instacart.com/store/items/4498707?source1=aisle&source2=3623&source3=3623&impressionId=8eb26da4-35d9-44e6-b891-53cdb71e6c7b",
   "FIELD9": ""
 },
 {
   "category": "Canned Goods",
   "subcategory": "Soup, Broth & Bouillon",
   "name": "Imagine Foods Organic Free Range Low Sodium Chicken Broth",
   "price": "3.49",
   "description": "32 oz�",
   "image": "https://d2lnr5mha7bycj.cloudfront.net/product-image/file/large_625583cb-5034-48c4-9642-342ace64e079.jpg",
   "Image 2": "",
   "Product Link": "https://www.instacart.com/store/items/24902206?source1=aisle&source2=3623&source3=3623&impressionId=bbfef091-b66c-4ff5-a69f-04fdeab3c7b4",
   "FIELD9": ""
 },
 {
   "category": "Canned Goods",
   "subcategory": "Soup, Broth & Bouillon",
   "name": "Pacific Organic Creamy Tomato Soup",
   "price": "4.29",
   "description": "32 fl oz�",
   "image": "https://d2lnr5mha7bycj.cloudfront.net/product-image/file/large_e2d17a8f-29a0-43f3-8fda-c05506b0dbc0.jpg",
   "Image 2": "",
   "Product Link": "https://www.instacart.com/store/items/4467994?source1=aisle&source2=3623&source3=3623&impressionId=87d020d3-097b-43dd-b9fd-8a2ace92516a",
   "FIELD9": ""
 },
 {
   "category": "Canned Goods",
   "subcategory": "Soup, Broth & Bouillon",
   "name": "365 Organic Chicken Broth",
   "price": "3.99",
   "description": "48 fl oz�",
   "image": "https://d2lnr5mha7bycj.cloudfront.net/product-image/file/large_b34322df-7b5f-4269-9a9f-036d2c2b13b0.jpg",
   "Image 2": "",
   "Product Link": "https://www.instacart.com/store/items/30192931?source1=aisle&source2=3623&source3=3623&impressionId=e1700484-4a7e-4590-a1f6-d4e96ab521f7",
   "FIELD9": ""
 },
 {
   "category": "Canned Goods",
   "subcategory": "Soup, Broth & Bouillon",
   "name": "365 Organic Cream of Mushroom Condensed Soup",
   "price": "1.99",
   "description": "11 oz�",
   "image": "https://d2lnr5mha7bycj.cloudfront.net/product-image/file/large_8828d3be-0d36-4815-b0bb-d0fb8bf9bcd8.jpg",
   "Image 2": "",
   "Product Link": "https://www.instacart.com/store/items/31283133?source1=aisle&source2=3623&source3=3623&impressionId=c9d567ce-3071-4ae1-8d84-8b1d48ffab8a",
   "FIELD9": ""
 },
 {
   "category": "Canned Goods",
   "subcategory": "Soup, Broth & Bouillon",
   "name": "Better Than Bouillon Organic Chicken Base",
   "price": "6.99",
   "description": "8 oz�",
   "image": "https://d2lnr5mha7bycj.cloudfront.net/product-image/file/large_0545bd1a-7f3c-4cb9-9c5d-1e47b891ce6d.jpg",
   "Image 2": "",
   "Product Link": "https://www.instacart.com/store/items/4463970?source1=aisle&source2=3623&source3=3623&impressionId=2cea3982-89ca-48d0-af6a-26d8031ae6ef",
   "FIELD9": ""
 },
 {
   "category": "Canned Goods",
   "subcategory": "Soup, Broth & Bouillon",
   "name": "Pacific Organic Vegetable Broth",
   "price": "3.99",
   "description": "32 oz�",
   "image": "https://d2lnr5mha7bycj.cloudfront.net/product-image/file/large_0c3b2881-eeda-41c2-9c3f-78ae1b7e65e7.jpg",
   "Image 2": "",
   "Product Link": "https://www.instacart.com/store/items/4572920?source1=aisle&source2=3623&source3=3623&impressionId=4c2374d7-2b49-4985-b2d7-2fff7fed7eac",
   "FIELD9": ""
 },
 {
   "category": "Canned Goods",
   "subcategory": "Soup, Broth & Bouillon",
   "name": "Pacific Organic Free Range Chicken Low Sodium Broth",
   "price": "4.49",
   "description": "4 x 8 oz�",
   "image": "https://d2lnr5mha7bycj.cloudfront.net/product-image/file/large_16e05ee2-c099-4792-ae80-4b95413825c5.JPG",
   "Image 2": "",
   "Product Link": "https://www.instacart.com/store/items/4544261?source1=aisle&source2=3623&source3=3623&impressionId=f950d2ff-eef7-4966-a439-877b2b1b84b7",
   "FIELD9": ""
 },
 {
   "category": "Canned Goods",
   "subcategory": "Soup, Broth & Bouillon",
   "name": "Pacific Low Sodium Organic Beef Broth",
   "price": "3.99",
   "description": "32 oz�",
   "image": "https://d2lnr5mha7bycj.cloudfront.net/product-image/file/large_003bfaf3-e9fe-4820-b21e-c30ff525cbe8.jpg",
   "Image 2": "",
   "Product Link": "https://www.instacart.com/store/items/4544171?source1=aisle&source2=3623&source3=3623&impressionId=b3849b0b-244d-4e5b-9de8-6a9377164adf",
   "FIELD9": ""
 },
 {
   "category": "Canned Goods",
   "subcategory": "Soup, Broth & Bouillon",
   "name": "Pacific Organic Roasted Red Pepper & Tomato Soup",
   "price": "4.29",
   "description": "32 fl oz�",
   "image": "https://d2lnr5mha7bycj.cloudfront.net/product-image/file/large_bc033864-6020-418e-945e-341dd30cf55c.jpg",
   "Image 2": "",
   "Product Link": "https://www.instacart.com/store/items/4466933?source1=aisle&source2=3623&source3=3623&impressionId=b6d84d46-51f0-4ec0-8387-0c1f4ceb7804",
   "FIELD9": ""
 },
 {
   "category": "Canned Goods",
   "subcategory": "Soup, Broth & Bouillon",
   "name": "Bonafide Organic Beef Bone Broth",
   "price": "9.99",
   "description": "24 oz�",
   "image": "https://d2lnr5mha7bycj.cloudfront.net/product-image/file/large_80f12ecd-669f-4372-ba3e-246567cd6e45.jpg",
   "Image 2": "",
   "Product Link": "https://www.instacart.com/store/items/27597225?source1=aisle&source2=3623&source3=3623&impressionId=4fbf4ace-1a8c-4c98-bb67-55de48a2f91c",
   "FIELD9": ""
 },
 {
   "category": "Canned Goods",
   "subcategory": "Soup, Broth & Bouillon",
   "name": "Amy's Organic Soups Lentil Vegetable Soup, Light in Sodium",
   "price": "2.99",
   "description": "14.5 oz�",
   "image": "https://d2lnr5mha7bycj.cloudfront.net/product-image/file/large_1ac14ece-610d-4a26-95f6-7f4fa7477265.jpg",
   "Image 2": "",
   "Product Link": "https://www.instacart.com/store/items/4476209?source1=aisle&source2=3623&source3=3623&impressionId=4d838806-9e14-433d-bca6-db22b722009f",
   "FIELD9": ""
 },
 {
   "category": "Canned Goods",
   "subcategory": "Soup, Broth & Bouillon",
   "name": "Pacific Organic Chicken & Wild Rice Soup",
   "price": "3.99",
   "description": "17.6 oz�",
   "image": "https://d2lnr5mha7bycj.cloudfront.net/product-image/file/large_692a5c97-7be6-4e4c-a51e-824144ba9144.jpg",
   "Image 2": "",
   "Product Link": "https://www.instacart.com/store/items/4526493?source1=aisle&source2=3623&source3=3623&impressionId=efe3bf94-688b-490d-ae31-9e64b9639bbd",
   "FIELD9": ""
 },
 {
   "category": "Bulk",
   "subcategory": "Bulk Grains, Rice & Dried Goods",
   "name": "Organic Rolled Oats",
   "price": "1.89",
   "description": "lb",
   "image": "https://d2lnr5mha7bycj.cloudfront.net/product-image/file/large_cdd694da-d48c-4f05-ab25-5d21d2198cc6.jpg",
   "Image 2": "",
   "Product Link": "https://www.instacart.com/store/items/22036657?source1=aisle&source2=4466&source3=4466&impressionId=fed245f2-89f6-40b3-a18d-6e1f97380268",
   "FIELD9": ""
 },
 {
   "category": "Bulk",
   "subcategory": "Bulk Grains, Rice & Dried Goods",
   "name": "Bulk Commodity Organic White Quinoa",
   "price": "5.49",
   "description": "lb",
   "image": "https://d2lnr5mha7bycj.cloudfront.net/product-image/file/large_9a4dbedc-3995-4c66-b6d6-49297b7946a0.jpg",
   "Image 2": "",
   "Product Link": "https://www.instacart.com/store/items/21558213?source1=aisle&source2=4466&source3=4466&impressionId=6c0a50d2-ee3d-47b7-8633-dcac53082945",
   "FIELD9": ""
 },
 {
   "category": "Bulk",
   "subcategory": "Bulk Grains, Rice & Dried Goods",
   "name": "Bulk Organic Red Lentils",
   "price": "3.59",
   "description": "lb",
   "image": "https://d2lnr5mha7bycj.cloudfront.net/product-image/file/large_f5276c16-f02c-4a53-9a4e-8d483de34f03.jpg",
   "Image 2": "",
   "Product Link": "https://www.instacart.com/store/items/4605117?source1=aisle&source2=4466&source3=4466&impressionId=546dbf50-e0b6-4c59-a8b6-7b8c2377fa6c",
   "FIELD9": ""
 },
 {
   "category": "Bulk",
   "subcategory": "Bulk Grains, Rice & Dried Goods",
   "name": "Red Star Yeast Nutritional Yeast",
   "price": "9.89",
   "description": "lb",
   "image": "https://d2lnr5mha7bycj.cloudfront.net/product-image/file/large_59022921-6059-4ed8-b242-1dc2c1debf6b.jpg",
   "Image 2": "",
   "Product Link": "https://www.instacart.com/store/items/15513557?source1=aisle&source2=4466&source3=4466&impressionId=31e93bb4-16c5-48aa-a250-557191ae50e8",
   "FIELD9": ""
 },
 {
   "category": "Bulk",
   "subcategory": "Bulk Grains, Rice & Dried Goods",
   "name": "Organic D'Anjou Pears",
   "price": "1.92",
   "description": "Price Estimate: $1.92�($5.49/lb נ0.35�lb)",
   "image": "https://d2lnr5mha7bycj.cloudfront.net/product-image/file/large_e3973145-ef86-40a8-9282-57f49da32be0.jpg",
   "Image 2": "",
   "Product Link": "https://www.instacart.com/store/items/27073250?source1=aisle&source2=4466&source3=4466&impressionId=125f3060-56b7-4f1d-8701-271e935415e3",
   "FIELD9": ""
 },
 {
   "category": "Bulk",
   "subcategory": "Bulk Grains, Rice & Dried Goods",
   "name": "Organic Garbanzo Beans, Bulk",
   "price": "2.99",
   "description": "lb",
   "image": "https://d2lnr5mha7bycj.cloudfront.net/product-image/file/large_0a65d7b8-e40c-4f9e-ad97-1b955f165daf.jpg",
   "Image 2": "",
   "Product Link": "https://www.instacart.com/store/items/14514360?source1=aisle&source2=4466&source3=4466&impressionId=7e20d911-5d0c-4138-9546-4a85d318c8dd",
   "FIELD9": ""
 },
 {
   "category": "Bulk",
   "subcategory": "Bulk Grains, Rice & Dried Goods",
   "name": "Golden Temple Bakery Strawberry Vanilla Hemp Granola",
   "price": "5.19",
   "description": "lb",
   "image": "https://d2lnr5mha7bycj.cloudfront.net/product-image/file/large_546b252c-be88-4e8b-9fc7-08b96526c749.jpg",
   "Image 2": "",
   "Product Link": "https://www.instacart.com/store/items/10049176?source1=aisle&source2=4466&source3=4466&impressionId=852d3613-78d3-43d8-8cee-81bdf589e692",
   "FIELD9": ""
 },
 {
   "category": "Bulk",
   "subcategory": "Bulk Grains, Rice & Dried Goods",
   "name": "Lundberg Family Farms Organic Brown Basmati & Wild Rice Blend, Bulk",
   "price": "6.09",
   "description": "�lb",
   "image": "https://d2lnr5mha7bycj.cloudfront.net/product-image/file/large_5f76adce-da9f-4dd6-a8d6-34811d2d95cf.png",
   "Image 2": "",
   "Product Link": "https://www.instacart.com/store/items/4490525?source1=aisle&source2=4466&source3=4466&impressionId=1ec940e4-b43c-4530-b451-2774b4b909b9",
   "FIELD9": ""
 },
 {
   "category": "Bulk",
   "subcategory": "Bulk Grains, Rice & Dried Goods",
   "name": "Bulk Rolled Oats",
   "price": "1.69",
   "description": "lb",
   "image": "https://d2lnr5mha7bycj.cloudfront.net/product-image/file/large_b667173e-07e5-4d72-8440-01601315460a.jpg",
   "Image 2": "",
   "Product Link": "https://www.instacart.com/store/items/11314424?source1=aisle&source2=4466&source3=4466&impressionId=79f952fe-c40b-4999-8e5c-da0e18bdcd50",
   "FIELD9": ""
 },
 {
   "category": "Bulk",
   "subcategory": "Bulk Grains, Rice & Dried Goods",
   "name": "Alter Eco Organic Royal Rainbow Quinoa",
   "price": "10.99",
   "description": "lb",
   "image": "https://d2lnr5mha7bycj.cloudfront.net/product-image/file/large_9c95c341-ea94-4af0-91f3-c71b2e3852d3.jpg",
   "Image 2": "",
   "Product Link": "https://www.instacart.com/store/items/93715578?source1=aisle&source2=4466&source3=4466&impressionId=b0f9f598-d5e1-48ed-97cc-7737bdb90016",
   "FIELD9": ""
 },
 {
   "category": "Bulk",
   "subcategory": "Bulk Grains, Rice & Dried Goods",
   "name": "Bulk Commodity Organic Thick Cut Rolled Oats",
   "price": "1.89",
   "description": "�lb",
   "image": "https://d2lnr5mha7bycj.cloudfront.net/product-image/file/large_b2889a4b-4cb0-4a4a-a931-819834a45768.jpg",
   "Image 2": "",
   "Product Link": "https://www.instacart.com/store/items/11327179?source1=aisle&source2=4466&source3=4466&impressionId=86c364ea-855f-4ddb-bb38-aa21174cbdf7",
   "FIELD9": ""
 },
 {
   "category": "Bulk",
   "subcategory": "Bulk Grains, Rice & Dried Goods",
   "name": "Lundberg Family Farms Organic Sushi Rice",
   "price": "3.79",
   "description": "lb",
   "image": "https://d2lnr5mha7bycj.cloudfront.net/product-image/file/large_c084883d-2d57-4f34-8589-91e8926aac5d.jpg",
   "Image 2": "",
   "Product Link": "https://www.instacart.com/store/items/22116613?source1=aisle&source2=4466&source3=4466&impressionId=da42c3a5-394d-490f-8f88-6bff3dd7ac52",
   "FIELD9": ""
 },
 {
   "category": "Bulk",
   "subcategory": "Bulk Grains, Rice & Dried Goods",
   "name": "Il Forteto Pesto Sauce",
   "price": "5.5",
   "description": "Price Estimate: $5.50�($21.99/lb נ0.25�lb)",
   "image": "https://d2lnr5mha7bycj.cloudfront.net/product-image/file/large_ec2bca8e-1026-4d68-ad88-561fe15c5293.jpg",
   "Image 2": "",
   "Product Link": "https://www.instacart.com/store/items/21889515?source1=aisle&source2=4466&source3=4466&impressionId=74df4c7e-32c5-4a2e-8a0d-007b0cb304c8",
   "FIELD9": ""
 },
 {
   "category": "Bulk",
   "subcategory": "Bulk Grains, Rice & Dried Goods",
   "name": "Osem Israeli Couscous",
   "price": "6.09",
   "description": "lb",
   "image": "https://d2lnr5mha7bycj.cloudfront.net/product-image/file/large_52522246-f85c-48ca-84e3-f7337824f814.jpg",
   "Image 2": "",
   "Product Link": "https://www.instacart.com/store/items/4573671?source1=aisle&source2=4466&source3=4466&impressionId=77b48a90-2e08-4467-914a-3b53ea9cb951",
   "FIELD9": ""
 },
 {
   "category": "Bulk",
   "subcategory": "Bulk Grains, Rice & Dried Goods",
   "name": "Organic Green Lentils, Bulk",
   "price": "2.49",
   "description": "lb",
   "image": "https://d2lnr5mha7bycj.cloudfront.net/product-image/file/large_b563dcd3-b517-4b6a-ae0b-6ed7d50aa8fb.jpg",
   "Image 2": "",
   "Product Link": "https://www.instacart.com/store/items/34874466?source1=aisle&source2=4466&source3=4466&impressionId=b68c1782-7e03-4321-8bee-ceed27a7859f",
   "FIELD9": ""
 },
 {
   "category": "Bulk",
   "subcategory": "Bulk Grains, Rice & Dried Goods",
   "name": "Lundberg Family Farms Organic Brown Short Rice",
   "price": "2.89",
   "description": "lb",
   "image": "https://d2lnr5mha7bycj.cloudfront.net/product-image/file/large_9ef70ccc-894b-4674-806f-01d9eae52f8f.jpg",
   "Image 2": "",
   "Product Link": "https://www.instacart.com/store/items/10050300?source1=aisle&source2=4466&source3=4466&impressionId=ea171ea9-3c67-4f35-8849-758837842dd4",
   "FIELD9": ""
 },
 {
   "category": "Bulk",
   "subcategory": "Bulk Grains, Rice & Dried Goods",
   "name": "Lundberg Family Farms Organic Risotto (Arobio) Rice",
   "price": "5.49",
   "description": "lb",
   "image": "https://d2lnr5mha7bycj.cloudfront.net/product-image/file/large_b3f87db4-a37e-4bd5-8097-93093345d117.jpg",
   "Image 2": "",
   "Product Link": "https://www.instacart.com/store/items/22161765?source1=aisle&source2=4466&source3=4466&impressionId=6d332810-85b3-4523-8a2e-62d6f84bb844",
   "FIELD9": ""
 },
 {
   "category": "Bulk",
   "subcategory": "Bulk Grains, Rice & Dried Goods",
   "name": "Organic Red Kidney Beans, Bulk",
   "price": "3.29",
   "description": "lb",
   "image": "https://d2lnr5mha7bycj.cloudfront.net/product-image/file/large_a44d6576-37d0-4532-b021-926a8652174a.jpg",
   "Image 2": "",
   "Product Link": "https://www.instacart.com/store/items/21957372?source1=aisle&source2=4466&source3=4466&impressionId=f74a2042-346d-4f79-9e53-12a6a7d28468",
   "FIELD9": ""
 },
 {
   "category": "Bulk",
   "subcategory": "Bulk Grains, Rice & Dried Goods",
   "name": "Bulk Commodity Organic Mung Beans",
   "price": "3.29",
   "description": "lb",
   "image": "https://d2lnr5mha7bycj.cloudfront.net/product-image/file/large_ac5e7f08-262e-4cba-88c7-ee76fd83a1e3.jpg",
   "Image 2": "",
   "Product Link": "https://www.instacart.com/store/items/22254435?source1=aisle&source2=4466&source3=4466&impressionId=0a49499c-b262-4ed1-9e32-1f8e5513a0e5",
   "FIELD9": ""
 },
 {
   "category": "Bulk",
   "subcategory": "Bulk Grains, Rice & Dried Goods",
   "name": "Organic Black Eyed Peas",
   "price": "3.29",
   "description": "�lb",
   "image": "https://d2lnr5mha7bycj.cloudfront.net/product-image/file/large_7898f823-12cd-4145-8edf-265d08ba49d0.jpg",
   "Image 2": "",
   "Product Link": "https://www.instacart.com/store/items/22242278?source1=aisle&source2=4466&source3=4466&impressionId=b455105b-81c2-425f-b535-53c32e6937eb",
   "FIELD9": ""
 },
 {
   "category": "Bulk",
   "subcategory": "Bulk Dried Fruits & Vegetables",
   "name": "Organic Dried Mango, Bulk",
   "price": "14.29",
   "description": "lb",
   "image": "https://d2lnr5mha7bycj.cloudfront.net/product-image/file/large_f689e78d-bc28-4595-8e75-f252e6195ced.jpg",
   "Image 2": "",
   "Product Link": "https://www.instacart.com/store/items/23819044?source1=aisle&source2=5137&source3=5137&impressionId=71fe375f-8c25-45c7-9078-38643c11876b",
   "FIELD9": ""
 },
 {
   "category": "Bulk",
   "subcategory": "Bulk Dried Fruits & Vegetables",
   "name": "Organic Medjool Dates",
   "price": "9.89",
   "description": "lb",
   "image": "https://d2lnr5mha7bycj.cloudfront.net/product-image/file/large_2997d954-2516-4715-9092-d63aecedc17e.png",
   "Image 2": "",
   "Product Link": "https://www.instacart.com/store/items/44170867?source1=aisle&source2=5137&source3=5137&impressionId=b10f897c-a227-4365-b2ab-7651bd0e5d82",
   "FIELD9": ""
 },
 {
   "category": "Bulk",
   "subcategory": "Bulk Dried Fruits & Vegetables",
   "name": "Organic Dried Medjool Dates, Bulk",
   "price": "9.89",
   "description": "lb",
   "image": "https://d2lnr5mha7bycj.cloudfront.net/product-image/file/large_de43ff78-9203-4b0e-a88e-bd891f234db6.jpg",
   "Image 2": "",
   "Product Link": "https://www.instacart.com/store/items/4480737?source1=aisle&source2=5137&source3=5137&impressionId=ea2261db-4cd3-49fa-b179-bc1b6929dabc",
   "FIELD9": ""
 },
 {
   "category": "Bulk",
   "subcategory": "Bulk Dried Fruits & Vegetables",
   "name": "Bulk Organic Red Lentils",
   "price": "3.59",
   "description": "lb",
   "image": "https://d2lnr5mha7bycj.cloudfront.net/product-image/file/large_f5276c16-f02c-4a53-9a4e-8d483de34f03.jpg",
   "Image 2": "",
   "Product Link": "https://www.instacart.com/store/items/4605117?source1=aisle&source2=5137&source3=5137&impressionId=a7904dbf-7acc-43f9-8cec-d46ef6d3658b",
   "FIELD9": ""
 },
 {
   "category": "Bulk",
   "subcategory": "Bulk Dried Fruits & Vegetables",
   "name": "Bulk Commodity Organic Thompson Seedless Raisins",
   "price": "4.99",
   "description": "lb",
   "image": "https://d2lnr5mha7bycj.cloudfront.net/product-image/file/large_e89e66b4-508a-4540-a21e-912a51c96148.jpg",
   "Image 2": "",
   "Product Link": "https://www.instacart.com/store/items/13131373?source1=aisle&source2=5137&source3=5137&impressionId=491896ab-de0a-4439-8c56-620e4429ca77",
   "FIELD9": ""
 },
 {
   "category": "Bulk",
   "subcategory": "Bulk Dried Fruits & Vegetables",
   "name": "Bulk Organic Unsweetened Shredded Coconut",
   "price": "4.39",
   "description": "lb",
   "image": "https://d2lnr5mha7bycj.cloudfront.net/product-image/file/large_b20785b9-0f26-4ff7-8323-c625d560b614.jpg",
   "Image 2": "",
   "Product Link": "https://www.instacart.com/store/items/4489832?source1=aisle&source2=5137&source3=5137&impressionId=eef0873a-c82c-44c9-8ce2-141ad677289f",
   "FIELD9": ""
 },
 {
   "category": "Bulk",
   "subcategory": "Bulk Dried Fruits & Vegetables",
   "name": "Organic Red Kidney Beans, Bulk",
   "price": "3.29",
   "description": "lb",
   "image": "https://d2lnr5mha7bycj.cloudfront.net/product-image/file/large_a44d6576-37d0-4532-b021-926a8652174a.jpg",
   "Image 2": "",
   "Product Link": "https://www.instacart.com/store/items/21957372?source1=aisle&source2=5137&source3=5137&impressionId=522de961-986b-4c78-b32f-7aef95318bd0",
   "FIELD9": ""
 },
 {
   "category": "Bulk",
   "subcategory": "Bulk Dried Fruits & Vegetables",
   "name": "International Harvest Organic Golden Raisins",
   "price": "10.99",
   "description": "lb",
   "image": "https://d2lnr5mha7bycj.cloudfront.net/product-image/file/large_2eb94b70-8c0f-41c1-aa33-3d035c0b0db6.jpg",
   "Image 2": "",
   "Product Link": "https://www.instacart.com/store/items/21851112?source1=aisle&source2=5137&source3=5137&impressionId=c8bb8099-3e2b-4a5d-8e92-666402633e98",
   "FIELD9": ""
 },
 {
   "category": "Bulk",
   "subcategory": "Bulk Dried Fruits & Vegetables",
   "name": "Bulk Organic Coconut Date Rolls",
   "price": "6.59",
   "description": "lb",
   "image": "https://d2lnr5mha7bycj.cloudfront.net/product-image/file/large_4ec08c84-b39a-4855-bd09-0e5bf37bb9fe.jpg",
   "Image 2": "",
   "Product Link": "https://www.instacart.com/store/items/4490896?source1=aisle&source2=5137&source3=5137&impressionId=62468a33-cf52-498d-9b22-6e098d1c5645",
   "FIELD9": ""
 },
 {
   "category": "Bulk",
   "subcategory": "Bulk Dried Fruits & Vegetables",
   "name": "Earth's Best Organic Apples & Apricots Baby Food",
   "price": "0.99",
   "description": "4 oz�",
   "image": "https://d2lnr5mha7bycj.cloudfront.net/product-image/file/large_a37b7891-659e-4d71-9432-93750a4d1dea.jpg",
   "Image 2": "",
   "Product Link": "https://www.instacart.com/store/items/4476335?source1=aisle&source2=5137&source3=5137&impressionId=edf840f2-a394-4cbf-be87-0575fe80833d",
   "FIELD9": ""
 },
 {
   "category": "Bulk",
   "subcategory": "Bulk Dried Fruits & Vegetables",
   "name": "Organic Yellow Split Peas, Bulk",
   "price": "2.19",
   "description": "lb",
   "image": "https://d2lnr5mha7bycj.cloudfront.net/product-image/file/large_e9a2fe8a-b73e-4d6a-8c13-44b4a148a82c.jpg",
   "Image 2": "",
   "Product Link": "https://www.instacart.com/store/items/22176899?source1=aisle&source2=5137&source3=5137&impressionId=e075b988-dee9-4259-8359-f2ba850c3873",
   "FIELD9": ""
 },
 {
   "category": "Bulk",
   "subcategory": "Bulk Dried Fruits & Vegetables",
   "name": "Bulk Organic Date Pieces",
   "price": "7.19",
   "description": "lb",
   "image": "https://d2lnr5mha7bycj.cloudfront.net/product-image/file/large_c23d1866-f35c-43ce-ae52-0ef79360fc5d.jpg",
   "Image 2": "",
   "Product Link": "https://www.instacart.com/store/items/4489845?source1=aisle&source2=5137&source3=5137&impressionId=a66c05c9-3502-4c6d-b83f-55a6c12552b1",
   "FIELD9": ""
 },
 {
   "category": "Bulk",
   "subcategory": "Bulk Dried Fruits & Vegetables",
   "name": "Organic Green Split Peas",
   "price": "2.09",
   "description": "lb",
   "image": "https://d2lnr5mha7bycj.cloudfront.net/product-image/file/large_ab4a702a-263d-441f-8aae-ed482a148c0c.jpg",
   "Image 2": "",
   "Product Link": "https://www.instacart.com/store/items/21924410?source1=aisle&source2=5137&source3=5137&impressionId=b87988b9-97bf-4fd6-b5bc-3ecdeed60aff",
   "FIELD9": ""
 },
 {
   "category": "Bulk",
   "subcategory": "Bulk Dried Fruits & Vegetables",
   "name": "Bulk Organic Banana Chips",
   "price": "4.99",
   "description": "lb",
   "image": "https://d2lnr5mha7bycj.cloudfront.net/product-image/file/large_b7582eee-1f22-411b-8856-8a09ce51fb69.jpg",
   "Image 2": "",
   "Product Link": "https://www.instacart.com/store/items/21768588?source1=aisle&source2=5137&source3=5137&impressionId=7c142303-570b-44c4-b332-806867838fb4",
   "FIELD9": ""
 },
 {
   "category": "Bulk",
   "subcategory": "Bulk Dried Fruits & Vegetables",
   "name": "Organic Date Pieces, Bulk",
   "price": "5.49",
   "description": "�lb",
   "image": "https://d2lnr5mha7bycj.cloudfront.net/product-image/file/large_4dc14b69-3773-4b6e-b1a3-afc9ce96199d.jpg",
   "Image 2": "",
   "Product Link": "https://www.instacart.com/store/items/4480704?source1=aisle&source2=5137&source3=5137&impressionId=fd800b3e-1867-4776-9599-6d4cc491ba5f",
   "FIELD9": ""
 },
 {
   "category": "Bulk",
   "subcategory": "Bulk Dried Fruits & Vegetables",
   "name": "Bulk Organic Goji Berries",
   "price": "20.89",
   "description": "lb",
   "image": "https://d2lnr5mha7bycj.cloudfront.net/product-image/file/large_e2c5e83b-2f35-4bb3-addd-83984b9b25c8.jpg",
   "Image 2": "",
   "Product Link": "https://www.instacart.com/store/items/21893666?source1=aisle&source2=5137&source3=5137&impressionId=8ddea5de-5e70-48f0-9b8c-32b4595e767a",
   "FIELD9": ""
 },
 {
   "category": "Bulk",
   "subcategory": "Bulk Dried Fruits & Vegetables",
   "name": "Organic Yellow Soy Beans, Bulk",
   "price": "2.19",
   "description": "�lb",
   "image": "https://d2lnr5mha7bycj.cloudfront.net/product-image/file/large_2eda4473-8e12-4e4b-9a3e-15781af4acad.jpg",
   "Image 2": "",
   "Product Link": "https://www.instacart.com/store/items/34874460?source1=aisle&source2=5137&source3=5137&impressionId=5bb8dcb9-1ba0-4448-a722-8e524ff7b8d6",
   "FIELD9": ""
 },
 {
   "category": "Bulk",
   "subcategory": "Bulk Dried Fruits & Vegetables",
   "name": "Organic Dried Pineapple Rings, Bulk",
   "price": "19.79",
   "description": "lb",
   "image": "https://d2lnr5mha7bycj.cloudfront.net/product-image/file/large_6bdec27d-b702-4b31-a38b-59f5e1d4021f.jpg",
   "Image 2": "",
   "Product Link": "https://www.instacart.com/store/items/22283843?source1=aisle&source2=5137&source3=5137&impressionId=05ab2ff8-2a23-4fa7-aa8e-8e023954aff3",
   "FIELD9": ""
 },
 {
   "category": "Bulk",
   "subcategory": "Bulk Dried Fruits & Vegetables",
   "name": "Organic Hard Red Wheat Berries",
   "price": "2.09",
   "description": "lb",
   "image": "https://d2lnr5mha7bycj.cloudfront.net/product-image/file/large_81296f42-0d6f-49cd-8524-674cbbd2f084.jpg",
   "Image 2": "",
   "Product Link": "https://www.instacart.com/store/items/16281540?source1=aisle&source2=5137&source3=5137&impressionId=1c4be2f8-a53f-41ff-8718-f0c205826fac",
   "FIELD9": ""
 },
 {
   "category": "Bulk",
   "subcategory": "Bulk Dried Fruits & Vegetables",
   "name": "Organic Lima Beans",
   "price": "3.29",
   "description": "�lb",
   "image": "https://d2lnr5mha7bycj.cloudfront.net/product-image/file/large_35500289-b5a1-433d-8c11-eac5da9107b4.jpg",
   "Image 2": "",
   "Product Link": "https://www.instacart.com/store/items/11305913?source1=aisle&source2=5137&source3=5137&impressionId=23076285-915e-432c-9eeb-f7da3624a6e1",
   "FIELD9": ""
 },
 {
   "category": "Bulk",
   "subcategory": "Bulk Trail Mix & Snack Mix",
   "name": "365 Strider's Snack Trail Mix",
   "price": "8.99",
   "description": "16 oz�",
   "image": "https://d2lnr5mha7bycj.cloudfront.net/product-image/file/large_a5e9bd9c-9e3a-476e-aee8-c8b2ebdb217d.jpg",
   "Image 2": "",
   "Product Link": "https://www.instacart.com/store/items/4525274?source1=aisle&source2=5139&source3=5139&impressionId=8e68a2f7-798b-4fb3-8bca-eb5f5ee8f730",
   "FIELD9": ""
 },
 {
   "category": "Bulk",
   "subcategory": "Bulk Trail Mix & Snack Mix",
   "name": "365 Double Feature Trail Mix",
   "price": "9.89",
   "description": "lb",
   "image": "https://d2lnr5mha7bycj.cloudfront.net/product-image/file/large_4cf233e3-d4eb-4768-921d-6d6f2a5e04cf.png",
   "Image 2": "",
   "Product Link": "https://www.instacart.com/store/items/21866815?source1=aisle&source2=5139&source3=5139&impressionId=f2bb82db-b6d6-4184-843e-5d0bb7d38930",
   "FIELD9": ""
 },
 {
   "category": "Bulk",
   "subcategory": "Bulk Trail Mix & Snack Mix",
   "name": "Whole Foods Market Cape Cod Trail Mix",
   "price": "9.89",
   "description": "lb",
   "image": "https://d2lnr5mha7bycj.cloudfront.net/product-image/file/large_65501cda-3b6b-4695-9ef9-8ea36d8c8b76.jpg",
   "Image 2": "",
   "Product Link": "https://www.instacart.com/store/items/22258880?source1=aisle&source2=5139&source3=5139&impressionId=b059d2a1-2740-498f-a661-f651c4052179",
   "FIELD9": ""
 },
 {
   "category": "Bulk",
   "subcategory": "Bulk Trail Mix & Snack Mix",
   "name": "Golden Temple Bakery Maple Pecan Dream Granola",
   "price": "5.19",
   "description": "lb",
   "image": "https://d2lnr5mha7bycj.cloudfront.net/product-image/file/large_1c749043-e99e-4970-adeb-69ae15944cd0.jpg",
   "Image 2": "",
   "Product Link": "https://www.instacart.com/store/items/22248425?source1=aisle&source2=5139&source3=5139&impressionId=82ec1be3-2d3d-487f-b98a-f8eaf380ff03",
   "FIELD9": ""
 },
 {
   "category": "Bulk",
   "subcategory": "Bulk Trail Mix & Snack Mix",
   "name": "365 Cape Cod Trail Mix",
   "price": "9.89",
   "description": "lb",
   "image": "https://d2lnr5mha7bycj.cloudfront.net/product-image/file/large_65501cda-3b6b-4695-9ef9-8ea36d8c8b76.jpg",
   "Image 2": "",
   "Product Link": "https://www.instacart.com/store/items/84809186?source1=aisle&source2=5139&source3=5139&impressionId=380bfb8b-dc90-42a8-8455-38a531ef5c8f",
   "FIELD9": ""
 },
 {
   "category": "Bulk",
   "subcategory": "Bulk Trail Mix & Snack Mix",
   "name": "365 Kahuna Crunch Trail Mix",
   "price": "9.89",
   "description": "lb",
   "image": "https://d2lnr5mha7bycj.cloudfront.net/product-image/file/large_60c52c68-80ee-4b75-b068-77fc765e1361.jpg",
   "Image 2": "",
   "Product Link": "https://www.instacart.com/store/items/22254960?source1=aisle&source2=5139&source3=5139&impressionId=354932a6-1aed-47b7-9f59-45542f51ba1f",
   "FIELD9": ""
 },
 {
   "category": "Bulk",
   "subcategory": "Bulk Trail Mix & Snack Mix",
   "name": "Living Intentions Sprouted Wild Berry Trail Mix",
   "price": "19.79",
   "description": "�lb",
   "image": "https://d2lnr5mha7bycj.cloudfront.net/product-image/file/large_b96c87d4-ce66-4a82-b3aa-081beb3983e0.jpg",
   "Image 2": "",
   "Product Link": "https://www.instacart.com/store/items/4605174?source1=aisle&source2=5139&source3=5139&impressionId=24c94242-4770-4407-9bd2-cd8ba8ce6852",
   "FIELD9": ""
 },
 {
   "category": "Bulk",
   "subcategory": "Bulk Trail Mix & Snack Mix",
   "name": "Living Intentions Sprouted Mango Goji Trail Mix",
   "price": "19.79",
   "description": "lb",
   "image": "https://d2lnr5mha7bycj.cloudfront.net/product-image/file/large_9a01433d-9f5f-421e-80ee-53510de0a6e3.jpg",
   "Image 2": "",
   "Product Link": "https://www.instacart.com/store/items/4605176?source1=aisle&source2=5139&source3=5139&impressionId=7e4d1129-b8ac-4c72-9d5d-336180e051aa",
   "FIELD9": ""
 },
 {
   "category": "Bulk",
   "subcategory": "Bulk Trail Mix & Snack Mix",
   "name": "Whole Foods Market Chunky Flax Seed Granola",
   "price": "8.79",
   "description": "lb",
   "image": "https://d2lnr5mha7bycj.cloudfront.net/product-image/file/large_17be573a-768e-48c1-bf6c-0891bd53eb6a.jpg",
   "Image 2": "",
   "Product Link": "https://www.instacart.com/store/items/21840475?source1=aisle&source2=5139&source3=5139&impressionId=b64b7ec6-e82e-4914-9a2d-6b6189a44a86",
   "FIELD9": ""
 },
 {
   "category": "Bulk",
   "subcategory": "Bulk Trail Mix & Snack Mix",
   "name": "Nature's Path Organic Ginger Zinger Granola",
   "price": "6.59",
   "description": "lb",
   "image": "https://d2lnr5mha7bycj.cloudfront.net/product-image/file/large_3787d679-7c9c-4191-96e7-c82e317d4801.jpg",
   "Image 2": "",
   "Product Link": "https://www.instacart.com/store/items/21589304?source1=aisle&source2=5139&source3=5139&impressionId=caeecc02-74f8-4bce-bd35-a1a549de4a89",
   "FIELD9": ""
 },
 {
   "category": "Bulk",
   "subcategory": "Bulk Trail Mix & Snack Mix",
   "name": "Golden Flavor Wild Rice Sesame Sticks, Bulk",
   "price": "4.99",
   "description": "lb",
   "image": "https://d2lnr5mha7bycj.cloudfront.net/product-image/file/large_59fc4dbc-8f85-4739-865d-7fcb8ab633e3.jpg",
   "Image 2": "",
   "Product Link": "https://www.instacart.com/store/items/4573680?source1=aisle&source2=5139&source3=5139&impressionId=75b39b5e-3d34-4b4c-8f81-800da57b068f",
   "FIELD9": ""
 },
 {
   "category": "Bulk",
   "subcategory": "Bulk Trail Mix & Snack Mix",
   "name": "Golden Flavor Organic Sesame Sticks",
   "price": "4.99",
   "description": "�lb",
   "image": "https://d2lnr5mha7bycj.cloudfront.net/product-image/file/large_4a2be97a-4604-4421-985e-ad86d0a3427f.jpg",
   "Image 2": "",
   "Product Link": "https://www.instacart.com/store/items/21448894?source1=aisle&source2=5139&source3=5139&impressionId=b3003ac2-dd31-4e93-990f-90dcc60e7b06",
   "FIELD9": ""
 },
 {
   "category": "Bulk",
   "subcategory": "Bulk Trail Mix & Snack Mix",
   "name": "Cheddar Cheese Sesame Snack Sticks",
   "price": "4.99",
   "description": "lb",
   "image": "https://d2lnr5mha7bycj.cloudfront.net/product-image/file/large_fa2d1aa3-668f-491f-9f22-a9de8b8f3ad7.jpg",
   "Image 2": "",
   "Product Link": "https://www.instacart.com/store/items/54641635?source1=aisle&source2=5139&source3=5139&impressionId=7e43a4c2-8c3e-4db6-aafa-d4608b3f135d",
   "FIELD9": ""
 },
 {
   "category": "Bulk",
   "subcategory": "Bulk Trail Mix & Snack Mix",
   "name": "Living Intentions Acai Blueberry Superfood Cereal",
   "price": "15.39",
   "description": "lb",
   "image": "https://d2lnr5mha7bycj.cloudfront.net/product-image/file/large_afae98ce-b434-4758-8681-ce2170fffe58.jpg",
   "Image 2": "",
   "Product Link": "https://www.instacart.com/store/items/11321354?source1=aisle&source2=5139&source3=5139&impressionId=c909891b-ac87-4f82-b511-55dbb95d47a1",
   "FIELD9": ""
 },
 {
   "category": "Bulk",
   "subcategory": "Bulk Trail Mix & Snack Mix",
   "name": "Living Intentions Hemp and Greens Superfood Cereal",
   "price": "15.39",
   "description": "lb",
   "image": "https://d2lnr5mha7bycj.cloudfront.net/product-image/file/large_4a0313c3-bca5-47bd-88f6-5950da1867eb.jpg",
   "Image 2": "",
   "Product Link": "https://www.instacart.com/store/items/22212773?source1=aisle&source2=5139&source3=5139&impressionId=717828ad-b054-4c6f-996f-5a66f6e7b086",
   "FIELD9": ""
 },
 {
   "category": "Bulk",
   "subcategory": "Bulk Trail Mix & Snack Mix",
   "name": "SunRidge Farms Organic Cranberry Harvest Mix",
   "price": "12.09",
   "description": "�lb",
   "image": "https://d2lnr5mha7bycj.cloudfront.net/product-image/file/large_8fe9306b-30a1-40aa-bc0a-8794e80fea72.jpg",
   "Image 2": "",
   "Product Link": "https://www.instacart.com/store/items/21632123?source1=aisle&source2=5139&source3=5139&impressionId=4d24c7be-0a6e-44e7-bc17-8a5db8753bd7",
   "FIELD9": ""
 },
 {
   "category": "Bulk",
   "subcategory": "Bulk Trail Mix & Snack Mix",
   "name": "Living Intentions Hemp & Greens Cereal",
   "price": "15.39",
   "description": "lb",
   "image": "https://d2lnr5mha7bycj.cloudfront.net/product-image/file/large_4a0313c3-bca5-47bd-88f6-5950da1867eb.jpg",
   "Image 2": "",
   "Product Link": "https://www.instacart.com/store/items/84048686?source1=aisle&source2=5139&source3=5139&impressionId=47c41c91-43c1-4cec-9afe-a85e472da947",
   "FIELD9": ""
 },
 {
   "category": "Bulk",
   "subcategory": "Bulk Trail Mix & Snack Mix",
   "name": "Living Intentions Spicy Spirulina Sprouted Sunflower",
   "price": "9.39",
   "description": "lb",
   "image": "https://d2lnr5mha7bycj.cloudfront.net/product-image/file/large_0c7215be-24b0-4a55-88e4-a724b76c0f51.jpg",
   "Image 2": "",
   "Product Link": "https://www.instacart.com/store/items/11327460?source1=aisle&source2=5139&source3=5139&impressionId=1f4bb7b7-1436-4a1e-b816-2643e82d3ff3",
   "FIELD9": ""
 },
 {
   "category": "Bulk",
   "subcategory": "Bulk Trail Mix & Snack Mix",
   "name": "Living Intentions Thai Chili Pineapple Sprouted Trail Mix",
   "price": "19.79",
   "description": "lb",
   "image": "https://d2lnr5mha7bycj.cloudfront.net/product-image/file/large_27442855-cb59-4a30-8818-7940c3c255ec.jpg",
   "Image 2": "",
   "Product Link": "https://www.instacart.com/store/items/86522500?source1=aisle&source2=5139&source3=5139&impressionId=d3d2820a-168a-4e7d-acc5-0538738322d5",
   "FIELD9": ""
 },
 {
   "category": "Bulk",
   "subcategory": "Bulk Trail Mix & Snack Mix",
   "name": "Living Intentions Thai Chili Pineapple Sprouted Trail Mix",
   "price": "19.79",
   "description": "�lb",
   "image": "https://d2lnr5mha7bycj.cloudfront.net/product-image/file/large_27442855-cb59-4a30-8818-7940c3c255ec.jpg",
   "Image 2": "",
   "Product Link": "https://www.instacart.com/store/items/21764935?source1=aisle&source2=5139&source3=5139&impressionId=af58f46e-33f5-42b9-8718-2f42356fda6f",
   "FIELD9": ""
 },
 {
   "category": "Bulk",
   "subcategory": "Bulk Tea & Coffee",
   "name": "Organic Large Grapefruit",
   "price": "11.49",
   "description": "Price Estimate: $11.49�($12.09/lb נ0.95�lb)",
   "image": "https://d2lnr5mha7bycj.cloudfront.net/product-image/file/large_19216fb7-f811-4327-b74e-b9b3b775139b.jpg",
   "Image 2": "",
   "Product Link": "https://www.instacart.com/store/items/11289650?source1=aisle&source2=5140&source3=5140&impressionId=0cd55856-4f02-44ba-9a95-9ee83c3f58a9",
   "FIELD9": ""
 },
 {
   "category": "Bulk",
   "subcategory": "Bulk Tea & Coffee",
   "name": "Allegro Organic Breakfast Blend Coffee",
   "price": "12.09",
   "description": "lb",
   "image": "https://d2lnr5mha7bycj.cloudfront.net/product-image/file/large_64cc97c5-964e-4e6a-9e50-0ecfb8f60cc4.jpg",
   "Image 2": "",
   "Product Link": "https://www.instacart.com/store/items/21639686?source1=aisle&source2=5140&source3=5140&impressionId=baf44dfb-c439-417e-be62-6d2377908c99",
   "FIELD9": ""
 },
 {
   "category": "Bulk",
   "subcategory": "Bulk Tea & Coffee",
   "name": "Allegro Coffee Organic Sierra Espresso Coffee",
   "price": "14.29",
   "description": "lb",
   "image": "https://d2lnr5mha7bycj.cloudfront.net/product-image/file/large_43c63ef5-b3d2-4b03-8da3-2e9dabdbf2e3.jpg",
   "Image 2": "",
   "Product Link": "https://www.instacart.com/store/items/23803149?source1=aisle&source2=5140&source3=5140&impressionId=a45b7a13-cb74-4c90-be0a-846c5cb5dcbb",
   "FIELD9": ""
 },
 {
   "category": "Bulk",
   "subcategory": "Bulk Tea & Coffee",
   "name": "Allegro Coffee Decaf Organic Espresso Bel Canto Wt Ft",
   "price": "14.29",
   "description": "lb",
   "image": "https://d2lnr5mha7bycj.cloudfront.net/product-image/file/large_f5443434-2705-425b-8677-2b47ff6d8eee.jpg",
   "Image 2": "",
   "Product Link": "https://www.instacart.com/store/items/21589058?source1=aisle&source2=5140&source3=5140&impressionId=8e4d7911-54ba-4fc3-a781-a083990e2436",
   "FIELD9": ""
 },
 {
   "category": "Bulk",
   "subcategory": "Bulk Tea & Coffee",
   "name": "Allegro Coffee Japanese Matcha Gen Mai",
   "price": "42.89",
   "description": "lb",
   "image": "https://d2lnr5mha7bycj.cloudfront.net/product-image/file/large_165fddb4-f9a8-47fd-96c5-3510c829c504.jpg",
   "Image 2": "",
   "Product Link": "https://www.instacart.com/store/items/21756082?source1=aisle&source2=5140&source3=5140&impressionId=75118ffd-c1e0-47e8-af4a-9fd13a470b6a",
   "FIELD9": ""
 },
 {
   "category": "Bulk",
   "subcategory": "Bulk Tea & Coffee",
   "name": "Allegro Coffee Organic Vanilla Rooibos",
   "price": "18.69",
   "description": "�lb",
   "image": "https://d2lnr5mha7bycj.cloudfront.net/product-image/file/large_3452198d-a4c6-4bb0-84d2-5e106018e466.jpg",
   "Image 2": "",
   "Product Link": "https://www.instacart.com/store/items/22190537?source1=aisle&source2=5140&source3=5140&impressionId=657efe6f-f94b-4032-9c7d-43b154bfb678",
   "FIELD9": ""
 },
 {
   "category": "Bulk",
   "subcategory": "Bulk Tea & Coffee",
   "name": "Allegro Red Rooibos Tea",
   "price": "10.99",
   "description": "lb",
   "image": "https://d2lnr5mha7bycj.cloudfront.net/product-image/file/large_cb9c582d-30e2-4b7d-996a-2853ca4e4235.jpg",
   "Image 2": "",
   "Product Link": "https://www.instacart.com/store/items/21442220?source1=aisle&source2=5140&source3=5140&impressionId=a3853a26-b1dc-42c6-b458-b62b3a7de56f",
   "FIELD9": ""
 },
 {
   "category": "Bulk",
   "subcategory": "Bulk Tea & Coffee",
   "name": "Allegro Coffee Yerba Mate Tea",
   "price": "20.89",
   "description": "lb",
   "image": "https://d2lnr5mha7bycj.cloudfront.net/product-image/file/large_10c5f7fd-57dc-49b8-bbf1-29b5a755da78.jpeg",
   "Image 2": "",
   "Product Link": "https://www.instacart.com/store/items/21704354?source1=aisle&source2=5140&source3=5140&impressionId=08ac4979-5f0b-47df-9da7-193706e121e3",
   "FIELD9": ""
 },
 {
   "category": "Bulk",
   "subcategory": "Bulk Tea & Coffee",
   "name": "The Republic of Tea Green Chai",
   "price": "19.99",
   "description": "per lb�",
   "image": "https://d2guulkeunn7d8.cloudfront.net/assets/missing-item-0ca47424f272dd3909349f67e9661183.png",
   "Image 2": "",
   "Product Link": "https://www.instacart.com/store/items/67303673?source1=aisle&source2=5140&source3=5140&impressionId=0a719cd2-60ca-4fd2-8683-b9d0c7ba02b9",
   "FIELD9": ""
 },
 {
   "category": "Bulk",
   "subcategory": "Bulk Tea & Coffee",
   "name": "Allegro Coffee Ceylon Venture Tea",
   "price": "19.79",
   "description": "lb",
   "image": "https://d2lnr5mha7bycj.cloudfront.net/product-image/file/large_9a508a1c-6905-498a-ae7f-498f0da567f1.jpg",
   "Image 2": "",
   "Product Link": "https://www.instacart.com/store/items/22358773?source1=aisle&source2=5140&source3=5140&impressionId=df513875-76b2-49db-bfa5-c8ceec52012e",
   "FIELD9": ""
 },
 {
   "category": "Bulk",
   "subcategory": "Bulk Tea & Coffee",
   "name": "Allegro Coffee China White Silver Needle Tea",
   "price": "59.39",
   "description": "lb",
   "image": "https://d2guulkeunn7d8.cloudfront.net/assets/missing-item-0ca47424f272dd3909349f67e9661183.png",
   "Image 2": "",
   "Product Link": "https://www.instacart.com/store/items/22282066?source1=aisle&source2=5140&source3=5140&impressionId=62c96aa1-e0b3-4259-987c-e13ebd9d9405",
   "FIELD9": ""
 },
 {
   "category": "Bulk",
   "subcategory": "Bulk Tea & Coffee",
   "name": "Allegro Organic Espresso Bel Canto",
   "price": "14.29",
   "description": "lb",
   "image": "https://d2guulkeunn7d8.cloudfront.net/assets/missing-item-0ca47424f272dd3909349f67e9661183.png",
   "Image 2": "",
   "Product Link": "https://www.instacart.com/store/items/29821871?source1=aisle&source2=5140&source3=5140&impressionId=383b1c7e-4e53-481b-98c4-89787f97c04a",
   "FIELD9": ""
 },
 {
   "category": "Bulk",
   "subcategory": "Bulk Tea & Coffee",
   "name": "Allegro Organic Jasmine",
   "price": "18.69",
   "description": "�lb",
   "image": "https://d2guulkeunn7d8.cloudfront.net/assets/missing-item-0ca47424f272dd3909349f67e9661183.png",
   "Image 2": "",
   "Product Link": "https://www.instacart.com/store/items/21578570?source1=aisle&source2=5140&source3=5140&impressionId=eda33e69-d853-4b61-aa94-4b20cdfb0b8c",
   "FIELD9": ""
 },
 {
   "category": "Bulk",
   "subcategory": "Bulk Tea & Coffee",
   "name": "The Tao Of Tea Organic Rose Melange Tea",
   "price": "39.59",
   "description": "lb",
   "image": "https://d2guulkeunn7d8.cloudfront.net/assets/missing-item-0ca47424f272dd3909349f67e9661183.png",
   "Image 2": "",
   "Product Link": "https://www.instacart.com/store/items/54641665?source1=aisle&source2=5140&source3=5140&impressionId=3519d065-98d3-400f-963c-8e92d82be7ce",
   "FIELD9": ""
 },
 {
   "category": "Bulk",
   "subcategory": "Bulk Tea & Coffee",
   "name": "Mt Si Coffee Roasters Biig Si Trail Coffee Blend",
   "price": "11.99",
   "description": "12 oz�",
   "image": "https://d2guulkeunn7d8.cloudfront.net/assets/missing-item-0ca47424f272dd3909349f67e9661183.png",
   "Image 2": "",
   "Product Link": "https://www.instacart.com/store/items/44277971?source1=aisle&source2=5140&source3=5140&impressionId=9649db8d-69e2-49bd-8f19-1d2f7dea0b30",
   "FIELD9": ""
 },
 {
   "category": "Bulk",
   "subcategory": "Bulk Tea & Coffee",
   "name": "Anchorhead Coffee Whole Bean Leviathan Coffee",
   "price": "12.99",
   "description": "12 oz�",
   "image": "https://d2guulkeunn7d8.cloudfront.net/assets/missing-item-0ca47424f272dd3909349f67e9661183.png",
   "Image 2": "",
   "Product Link": "https://www.instacart.com/store/items/44277946?source1=aisle&source2=5140&source3=5140&impressionId=75563a3e-9537-41bd-ab91-7a29caae4c8a",
   "FIELD9": ""
 },
 {
   "category": "Bulk",
   "subcategory": "Bulk Tea & Coffee",
   "name": "Choice Organic Teas Hibiscus Heart Wellness Tea",
   "price": "4.99",
   "description": "16 ct�",
   "image": "https://d2guulkeunn7d8.cloudfront.net/assets/missing-item-0ca47424f272dd3909349f67e9661183.png",
   "Image 2": "",
   "Product Link": "https://www.instacart.com/store/items/43603808?source1=aisle&source2=5140&source3=5140&impressionId=0a3b1888-0911-4af8-84c8-dfc292ecf92d",
   "FIELD9": ""
 },
 {
   "category": "Bulk",
   "subcategory": "Bulk Tea & Coffee",
   "name": "Allegro Cafe Ubuntu Coffee",
   "price": "14.29",
   "description": "lb",
   "image": "https://d2guulkeunn7d8.cloudfront.net/assets/missing-item-0ca47424f272dd3909349f67e9661183.png",
   "Image 2": "",
   "Product Link": "https://www.instacart.com/store/items/31999464?source1=aisle&source2=5140&source3=5140&impressionId=0c5f8790-6522-4f9c-9ac7-410e9f0094fb",
   "FIELD9": ""
 },
 {
   "category": "Bulk",
   "subcategory": "Bulk Flours & Powders",
   "name": "365 Organic Whole Wheat Flour",
   "price": "4.99",
   "description": "5 lb�",
   "image": "https://d2lnr5mha7bycj.cloudfront.net/product-image/file/large_96d7b88b-9af9-4d37-9d8a-c55e4cae0f04.jpg",
   "Image 2": "",
   "Product Link": "https://www.instacart.com/store/items/15450669?source1=aisle&source2=5141&source3=5141&impressionId=4a0d3b13-c0f1-439a-aff5-369fb2c00390",
   "FIELD9": ""
 },
 {
   "category": "Bulk",
   "subcategory": "Bulk Flours & Powders",
   "name": "Red Star Yeast Nutritional Yeast",
   "price": "9.89",
   "description": "lb",
   "image": "https://d2lnr5mha7bycj.cloudfront.net/product-image/file/large_59022921-6059-4ed8-b242-1dc2c1debf6b.jpg",
   "Image 2": "",
   "Product Link": "https://www.instacart.com/store/items/15513557?source1=aisle&source2=5141&source3=5141&impressionId=7cbbc0a9-2188-4aa7-abff-d83a0c1175a2",
   "FIELD9": ""
 },
 {
   "category": "Bulk",
   "subcategory": "Bulk Flours & Powders",
   "name": "Almond Flour",
   "price": "15.39",
   "description": "lb",
   "image": "https://d2lnr5mha7bycj.cloudfront.net/product-image/file/large_d2558756-1f5f-469d-9fd6-cdb985e76d85.jpg",
   "Image 2": "",
   "Product Link": "https://www.instacart.com/store/items/25756880?source1=aisle&source2=5141&source3=5141&impressionId=e5d46f6a-f5d5-42ff-ad3e-8b6b845d3f46",
   "FIELD9": ""
 },
 {
   "category": "Bulk",
   "subcategory": "Bulk Flours & Powders",
   "name": "Whole Wheat Fine Ground Organic Flour",
   "price": "1.79",
   "description": "lb",
   "image": "https://d2guulkeunn7d8.cloudfront.net/assets/missing-item-0ca47424f272dd3909349f67e9661183.png",
   "Image 2": "",
   "Product Link": "https://www.instacart.com/store/items/4481063?source1=aisle&source2=5141&source3=5141&impressionId=2a5537d9-0d0a-4d6a-aa73-7a52641011a2",
   "FIELD9": ""
 },
 {
   "category": "Bulk",
   "subcategory": "Bulk Flours & Powders",
   "name": "Arrowhead Mills Pearled Barley",
   "price": "2.19",
   "description": "lb",
   "image": "https://d2lnr5mha7bycj.cloudfront.net/product-image/file/large_2ef084ef-1dcb-47e7-bc2b-819a4fe5738a.jpg",
   "Image 2": "",
   "Product Link": "https://www.instacart.com/store/items/21392772?source1=aisle&source2=5141&source3=5141&impressionId=fdb58e87-5cd6-4241-a56c-941b63a4ab6c",
   "FIELD9": ""
 },
 {
   "category": "Bulk",
   "subcategory": "Bulk Flours & Powders",
   "name": "Organic Coconut Flour",
   "price": "4.09",
   "description": "�lb",
   "image": "https://d2lnr5mha7bycj.cloudfront.net/product-image/file/large_6561c2ee-ff0b-4e1a-8596-29cde600d27f.jpg",
   "Image 2": "",
   "Product Link": "https://www.instacart.com/store/items/22819820?source1=aisle&source2=5141&source3=5141&impressionId=36ff5116-c54a-46f4-a743-2984642e2413",
   "FIELD9": ""
 },
 {
   "category": "Bulk",
   "subcategory": "Bulk Flours & Powders",
   "name": "Arrowhead Mills Organic Unbleached White Flour",
   "price": "2.19",
   "description": "lb",
   "image": "https://d2lnr5mha7bycj.cloudfront.net/product-image/file/large_62a47074-4bec-4119-9ecb-c0123d2de618.jpg",
   "Image 2": "",
   "Product Link": "https://www.instacart.com/store/items/21882176?source1=aisle&source2=5141&source3=5141&impressionId=9296e790-8b04-45f6-a45d-66e5fb095c5f",
   "FIELD9": ""
 },
 {
   "category": "Bulk",
   "subcategory": "Bulk Flours & Powders",
   "name": "Organic Whole Wheat Pastry Flour",
   "price": "1.69",
   "description": "�lb",
   "image": "https://d2lnr5mha7bycj.cloudfront.net/product-image/file/large_aeec4c6f-bb64-4405-ac22-d9ba257964d3.jpg",
   "Image 2": "",
   "Product Link": "https://www.instacart.com/store/items/22297641?source1=aisle&source2=5141&source3=5141&impressionId=68947dfe-141a-41da-b880-15cd04b8e55a",
   "FIELD9": ""
 },
 {
   "category": "Bulk",
   "subcategory": "Bulk Flours & Powders",
   "name": "Great River Organic Buckwheat Flour",
   "price": "3.29",
   "description": "lb",
   "image": "https://d2lnr5mha7bycj.cloudfront.net/product-image/file/large_dc204d55-b9fd-4443-ab21-88e92d92dd80.jpg",
   "Image 2": "",
   "Product Link": "https://www.instacart.com/store/items/27977242?source1=aisle&source2=5141&source3=5141&impressionId=d54d46ee-a9f6-486b-bb42-f2d26ef0456f",
   "FIELD9": ""
 },
 {
   "category": "Bulk",
   "subcategory": "Bulk Flours & Powders",
   "name": "Sea Salt, Bulk",
   "price": "0.99",
   "description": "lb",
   "image": "https://d2lnr5mha7bycj.cloudfront.net/product-image/file/large_bde41a74-52d1-49e7-acbb-715c4e8107c9.jpg",
   "Image 2": "",
   "Product Link": "https://www.instacart.com/store/items/22093338?source1=aisle&source2=5141&source3=5141&impressionId=5cd54d45-48f2-4c2d-b8db-0d6a64333514",
   "FIELD9": ""
 },
 {
   "category": "Bulk",
   "subcategory": "Bulk Flours & Powders",
   "name": "Organic Semolina Flour",
   "price": "3.29",
   "description": "lb",
   "image": "https://d2lnr5mha7bycj.cloudfront.net/product-image/file/large_f6267ee1-7786-48c9-930c-7c5510395e29.jpg",
   "Image 2": "",
   "Product Link": "https://www.instacart.com/store/items/22210175?source1=aisle&source2=5141&source3=5141&impressionId=7e718a81-e069-4237-8a45-fa7c4476e87c",
   "FIELD9": ""
 },
 {
   "category": "Bulk",
   "subcategory": "Bulk Flours & Powders",
   "name": "Garbanzo Flour",
   "price": "1.89",
   "description": "�lb",
   "image": "https://d2lnr5mha7bycj.cloudfront.net/product-image/file/large_8b71424a-c1c9-49cc-ac84-e2cfd4829198.jpg",
   "Image 2": "",
   "Product Link": "https://www.instacart.com/store/items/26687248?source1=aisle&source2=5141&source3=5141&impressionId=aeeda548-33dc-4db6-a4b8-9b26b7fadd39",
   "FIELD9": ""
 },
 {
   "category": "Bulk",
   "subcategory": "Bulk Flours & Powders",
   "name": "Great River Organic Spelt Flour",
   "price": "3.29",
   "description": "lb",
   "image": "https://d2lnr5mha7bycj.cloudfront.net/product-image/file/large_193e568b-c867-433a-b8e5-2be7e20cc1cf.jpg",
   "Image 2": "",
   "Product Link": "https://www.instacart.com/store/items/27311044?source1=aisle&source2=5141&source3=5141&impressionId=67eda468-5480-496d-a171-8260af95803a",
   "FIELD9": ""
 },
 {
   "category": "Bulk",
   "subcategory": "Bulk Flours & Powders",
   "name": "Organic Corn Flour",
   "price": "1.89",
   "description": "lb",
   "image": "https://d2lnr5mha7bycj.cloudfront.net/product-image/file/large_f0a2c73d-215a-4520-a200-bef99abcd897.jpg",
   "Image 2": "",
   "Product Link": "https://www.instacart.com/store/items/4489592?source1=aisle&source2=5141&source3=5141&impressionId=4b127fc4-a00e-45c4-ab69-8988537ed1d6",
   "FIELD9": ""
 },
 {
   "category": "Bulk",
   "subcategory": "Bulk Flours & Powders",
   "name": "Shepherd's Grain Flour Whole Wheat",
   "price": "0.89",
   "description": "lb",
   "image": "https://d2lnr5mha7bycj.cloudfront.net/product-image/file/large_c52223e0-d80d-4834-a281-6fcf228f080c.jpg",
   "Image 2": "",
   "Product Link": "https://www.instacart.com/store/items/4593944?source1=aisle&source2=5141&source3=5141&impressionId=9c7061e4-1ed6-45bf-bc1d-4b256e0447eb",
   "FIELD9": ""
 },
 {
   "category": "Bulk",
   "subcategory": "Bulk Flours & Powders",
   "name": "Mountain Mama Organic Cracked Wheat",
   "price": "1.59",
   "description": "�lb",
   "image": "https://d2lnr5mha7bycj.cloudfront.net/product-image/file/large_de5a141f-85e1-4943-967e-e2fdbd8691d6.jpg",
   "Image 2": "",
   "Product Link": "https://www.instacart.com/store/items/22192712?source1=aisle&source2=5141&source3=5141&impressionId=32882ab0-9d5b-45c8-9938-80dfff67d82b",
   "FIELD9": ""
 },
 {
   "category": "Bulk",
   "subcategory": "Bulk Flours & Powders",
   "name": "Organic Whole Wheat Pastry Flour",
   "price": "1.69",
   "description": "�lb",
   "image": "https://d2lnr5mha7bycj.cloudfront.net/product-image/file/large_89637b3b-33df-431d-9ac9-d2d0575aa3e3.jpg",
   "Image 2": "",
   "Product Link": "https://www.instacart.com/store/items/84824257?source1=aisle&source2=5141&source3=5141&impressionId=92cf6c5d-ce6e-4f2c-8c62-09b36ae3d318",
   "FIELD9": ""
 },
 {
   "category": "Bulk",
   "subcategory": "Bulk Flours & Powders",
   "name": "Shepherd's Grain All Purpose Blend Flour",
   "price": "0.89",
   "description": "lb",
   "image": "https://d2lnr5mha7bycj.cloudfront.net/product-image/file/large_0dbaa124-6032-4daf-9904-4bbd8e48bba8.jpg",
   "Image 2": "",
   "Product Link": "https://www.instacart.com/store/items/4593945?source1=aisle&source2=5141&source3=5141&impressionId=5a2a1a34-1af6-44d9-9d99-3cd9f5ee443d",
   "FIELD9": ""
 },
 {
   "category": "Bulk",
   "subcategory": "Bulk Flours & Powders",
   "name": "Giusto's Vita Grain Oat Flour",
   "price": "1.89",
   "description": "lb",
   "image": "https://d2lnr5mha7bycj.cloudfront.net/product-image/file/large_a81ef13d-0128-4a32-97c0-3cebf700395d.jpg",
   "Image 2": "",
   "Product Link": "https://www.instacart.com/store/items/4489598?source1=aisle&source2=5141&source3=5141&impressionId=75fe7472-9938-4fab-a361-5546a5a1763c",
   "FIELD9": ""
 },
 {
   "category": "Bulk",
   "subcategory": "Bulk Flours & Powders",
   "name": "Cordillera Couverture Block Cocuy 70%",
   "price": "15.39",
   "description": "lb",
   "image": "https://d2guulkeunn7d8.cloudfront.net/assets/missing-item-0ca47424f272dd3909349f67e9661183.png",
   "Image 2": "",
   "Product Link": "https://www.instacart.com/store/items/34900945?source1=aisle&source2=5141&source3=5141&impressionId=20cd88b0-473b-47bd-8ea2-4887d79ba661",
   "FIELD9": ""
 },
 {
   "category": "Bulk",
   "subcategory": "Bulk Nuts & Seeds",
   "name": "Roasted Salted Almonds",
   "price": "6.99",
   "description": "16 oz�",
   "image": "https://d2lnr5mha7bycj.cloudfront.net/product-image/file/large_69843710-644a-4db1-8d8f-d82889b9ff35.jpg",
   "Image 2": "",
   "Product Link": "https://www.instacart.com/store/items/21010305?source1=aisle&source2=5142&source3=5142&impressionId=b5dd97ab-1dba-4d7a-b067-f000897d8e96",
   "FIELD9": ""
 },
 {
   "category": "Bulk",
   "subcategory": "Bulk Nuts & Seeds",
   "name": "365 Sliced Almonds",
   "price": "4.99",
   "description": "8 oz�",
   "image": "https://d2lnr5mha7bycj.cloudfront.net/product-image/file/large_bdc0f7e8-db4f-4526-9f0c-bcaee5a3c7a5.jpg",
   "Image 2": "",
   "Product Link": "https://www.instacart.com/store/items/21778670?source1=aisle&source2=5142&source3=5142&impressionId=6b11cec3-19e5-4635-9e73-1736f81de583",
   "FIELD9": ""
 },
 {
   "category": "Bulk",
   "subcategory": "Bulk Nuts & Seeds",
   "name": "365 Roasted Salted Cashews",
   "price": "7.99",
   "description": "16 oz�",
   "image": "https://d2lnr5mha7bycj.cloudfront.net/product-image/file/large_83f9b0c8-0985-4c8b-8af8-0eb25cd8ffe2.jpg",
   "Image 2": "",
   "Product Link": "https://www.instacart.com/store/items/4519729?source1=aisle&source2=5142&source3=5142&impressionId=5ef193ee-159a-48ea-bf0c-f796df5129d0",
   "FIELD9": ""
 },
 {
   "category": "Bulk",
   "subcategory": "Bulk Nuts & Seeds",
   "name": "365 Roasted Unsalted Almonds, Bulk",
   "price": "6.99",
   "description": "per lb�",
   "image": "https://d2lnr5mha7bycj.cloudfront.net/product-image/file/large_e3e530e9-22c4-4e5a-b25a-bd151b8c8b65.jpg",
   "Image 2": "",
   "Product Link": "https://www.instacart.com/store/items/26141438?source1=aisle&source2=5142&source3=5142&impressionId=113b8f9d-2c8f-4701-9048-2bf50145694b",
   "FIELD9": ""
 },
 {
   "category": "Bulk",
   "subcategory": "Bulk Nuts & Seeds",
   "name": "365 Unsalted Pine Nuts",
   "price": "12.99",
   "description": "8 oz�",
   "image": "https://d2lnr5mha7bycj.cloudfront.net/product-image/file/large_32f54212-d97b-4db7-8461-f71b88c5d6bf.jpg",
   "Image 2": "",
   "Product Link": "https://www.instacart.com/store/items/4574773?source1=aisle&source2=5142&source3=5142&impressionId=73e00e14-760f-4842-b68b-ef28c3bc2a12",
   "FIELD9": ""
 },
 {
   "category": "Bulk",
   "subcategory": "Bulk Nuts & Seeds",
   "name": "Whole Cashews",
   "price": "7.99",
   "description": "16 oz�",
   "image": "https://d2lnr5mha7bycj.cloudfront.net/product-image/file/large_f9146d0a-6052-42f0-a673-39ee96ec0993.jpg",
   "Image 2": "",
   "Product Link": "https://www.instacart.com/store/items/21782244?source1=aisle&source2=5142&source3=5142&impressionId=6902b589-b9e0-475e-a027-506cf6594230",
   "FIELD9": ""
 },
 {
   "category": "Bulk",
   "subcategory": "Bulk Nuts & Seeds",
   "name": "Organic Raw Shelled Pumpkin Seeds, Bulk",
   "price": "`5.49",
   "description": "lb",
   "image": "https://d2lnr5mha7bycj.cloudfront.net/product-image/file/large_e890e578-cf21-4dd5-beb6-24d98c85b861.jpg",
   "Image 2": "",
   "Product Link": "https://www.instacart.com/store/items/21807027?source1=aisle&source2=5142&source3=5142&impressionId=ab3abde6-4e8a-4e5c-877e-f33700aaccbf",
   "FIELD9": ""
 },
 {
   "category": "Bulk",
   "subcategory": "Bulk Nuts & Seeds",
   "name": "Bulk Commodity Organic Raw Almonds",
   "price": "14.29",
   "description": "lb",
   "image": "https://d2lnr5mha7bycj.cloudfront.net/product-image/file/large_083022fe-8813-4cf9-abbc-e80572b8c5a7.jpg",
   "Image 2": "",
   "Product Link": "https://www.instacart.com/store/items/22130924?source1=aisle&source2=5142&source3=5142&impressionId=b3806b7a-61d1-406d-bcc7-48fcf2f27450",
   "FIELD9": ""
 },
 {
   "category": "Bulk",
   "subcategory": "Bulk Nuts & Seeds",
   "name": "Bulk Commodity Organic White Quinoa",
   "price": "5.49",
   "description": "lb",
   "image": "https://d2lnr5mha7bycj.cloudfront.net/product-image/file/large_9a4dbedc-3995-4c66-b6d6-49297b7946a0.jpg",
   "Image 2": "",
   "Product Link": "https://www.instacart.com/store/items/21558213?source1=aisle&source2=5142&source3=5142&impressionId=250e5e0f-4d26-4b52-989a-2bddcf24be67",
   "FIELD9": ""
 },
 {
   "category": "Bulk",
   "subcategory": "Bulk Nuts & Seeds",
   "name": "Roasted Unsalted Almonds",
   "price": "6.99",
   "description": "",
   "image": "https://d2lnr5mha7bycj.cloudfront.net/product-image/file/large_7a404762-4f8b-4935-87b3-b0f6662f690c.jpg",
   "Image 2": "",
   "Product Link": "https://www.instacart.com/store/items/48201610?source1=aisle&source2=5142&source3=5142&impressionId=6136b3d7-d489-484d-9f74-78d79254942b",
   "FIELD9": ""
 },
 {
   "category": "Bulk",
   "subcategory": "Bulk Nuts & Seeds",
   "name": "Organic Roasted Unsalted Cashews, Bulk",
   "price": "18.69",
   "description": "lb",
   "image": "https://d2lnr5mha7bycj.cloudfront.net/product-image/file/large_38745b09-bda6-48ee-9a6d-02baac634ae2.jpg",
   "Image 2": "",
   "Product Link": "https://www.instacart.com/store/items/4594876?source1=aisle&source2=5142&source3=5142&impressionId=e4354e08-175e-49bd-9373-4f6f2c61ec55",
   "FIELD9": ""
 },
 {
   "category": "Bulk",
   "subcategory": "Bulk Nuts & Seeds",
   "name": "Shelled Sunflower Seeds, Bulk",
   "price": "4.39",
   "description": "lb",
   "image": "https://d2lnr5mha7bycj.cloudfront.net/product-image/file/large_e8c9d6bb-5857-4cce-b9cc-b573a3d48d4c.jpg",
   "Image 2": "",
   "Product Link": "https://www.instacart.com/store/items/21614544?source1=aisle&source2=5142&source3=5142&impressionId=db73ca83-2793-4dc9-a679-0105fbbd862d",
   "FIELD9": ""
 },
 {
   "category": "Bulk",
   "subcategory": "Bulk Nuts & Seeds",
   "name": "Organic Unsalted In-Shell Pistachios, Bulk",
   "price": "12.09",
   "description": "lb",
   "image": "https://d2lnr5mha7bycj.cloudfront.net/product-image/file/large_7f1f175a-7be5-4e73-aaa0-e5c461e53810.jpg",
   "Image 2": "",
   "Product Link": "https://www.instacart.com/store/items/21967544?source1=aisle&source2=5142&source3=5142&impressionId=49fb1805-d6f1-4181-86bb-049756a53bed",
   "FIELD9": ""
 },
 {
   "category": "Bulk",
   "subcategory": "Bulk Nuts & Seeds",
   "name": "Bulk Commodity Organic Natural Raw Sesame Seeds",
   "price": "4.39",
   "description": "lb",
   "image": "https://d2lnr5mha7bycj.cloudfront.net/product-image/file/large_29faa936-4ee7-4304-8a5e-519390f3cd73.jpg",
   "Image 2": "",
   "Product Link": "https://www.instacart.com/store/items/15537419?source1=aisle&source2=5142&source3=5142&impressionId=9f7e6864-9f3e-4a65-ac08-a1de3647d45f",
   "FIELD9": ""
 },
 {
   "category": "Bulk",
   "subcategory": "Bulk Nuts & Seeds",
   "name": "Rocky Mountain Foods Brazil Nuts",
   "price": "13.19",
   "description": "lb",
   "image": "https://d2lnr5mha7bycj.cloudfront.net/product-image/file/large_af2d0d22-6cc0-4fe1-a6ad-b2b8d9c67be2.jpg",
   "Image 2": "",
   "Product Link": "https://www.instacart.com/store/items/22251529?source1=aisle&source2=5142&source3=5142&impressionId=b0128cdb-ff4d-4b07-8933-399d6da10c3c",
   "FIELD9": ""
 },
 {
   "category": "Bulk",
   "subcategory": "Bulk Nuts & Seeds",
   "name": "Organic Walnuts, Bulk",
   "price": "16.49",
   "description": "lb",
   "image": "https://d2lnr5mha7bycj.cloudfront.net/product-image/file/large_1b8cec0e-f881-47ff-a97d-21de9dca9795.jpg",
   "Image 2": "",
   "Product Link": "https://www.instacart.com/store/items/21687273?source1=aisle&source2=5142&source3=5142&impressionId=7782ab3b-f502-42ab-bd24-81c09ee210a4",
   "FIELD9": ""
 },
 {
   "category": "Bulk",
   "subcategory": "Bulk Nuts & Seeds",
   "name": "Farmers Direct Coop Organic Flax Seeds",
   "price": "2.79",
   "description": "lb",
   "image": "https://d2lnr5mha7bycj.cloudfront.net/product-image/file/large_ebaa12e7-4562-436b-b97f-26a6dde63446.jpg",
   "Image 2": "",
   "Product Link": "https://www.instacart.com/store/items/11332147?source1=aisle&source2=5142&source3=5142&impressionId=f36bab10-817b-463c-8619-e891055e3ec0",
   "FIELD9": ""
 },
 {
   "category": "Bulk",
   "subcategory": "Bulk Nuts & Seeds",
   "name": "Roasted Hazelnuts",
   "price": "19.79",
   "description": "lb",
   "image": "https://d2guulkeunn7d8.cloudfront.net/assets/missing-item-0ca47424f272dd3909349f67e9661183.png",
   "Image 2": "",
   "Product Link": "https://www.instacart.com/store/items/22023847?source1=aisle&source2=5142&source3=5142&impressionId=260dc3b6-8384-4c7d-af89-ac17983cc166",
   "FIELD9": ""
 },
 {
   "category": "Bulk",
   "subcategory": "Bulk Nuts & Seeds",
   "name": "Walnuts",
   "price": "20.89",
   "description": "lb",
   "image": "https://d2lnr5mha7bycj.cloudfront.net/product-image/file/large_266bd52a-6a6e-425b-b6b6-dc899d9120d0.jpg",
   "Image 2": "",
   "Product Link": "https://www.instacart.com/store/items/4470615?source1=aisle&source2=5142&source3=5142&impressionId=37538f43-50ac-4390-8502-f3fbbc876c90",
   "FIELD9": ""
 },
 {
   "category": "Bulk",
   "subcategory": "Bulk Nuts & Seeds",
   "name": "Organic Roasted Unsalted Almonds",
   "price": "16.49",
   "description": "lb",
   "image": "https://d2lnr5mha7bycj.cloudfront.net/product-image/file/large_65ab9c01-9a44-4941-bed7-a957055db09c.jpg",
   "Image 2": "",
   "Product Link": "https://www.instacart.com/store/items/4489875?source1=aisle&source2=5142&source3=5142&impressionId=22a68b3d-7c18-4573-b6ea-86b03bcb1beb",
   "FIELD9": ""
 },
 {
   "category": "Bulk",
   "subcategory": "Other Bulk",
   "name": "Red Star Yeast Nutritional Yeast",
   "price": "9.89",
   "description": "lb",
   "image": "https://d2lnr5mha7bycj.cloudfront.net/product-image/file/large_59022921-6059-4ed8-b242-1dc2c1debf6b.jpg",
   "Image 2": "",
   "Product Link": "https://www.instacart.com/store/items/15513557?source1=aisle&source2=5143&source3=5143&impressionId=cb385aa6-ed47-4c10-8aab-2d67b8c6633c",
   "FIELD9": ""
 },
 {
   "category": "Bulk",
   "subcategory": "Other Bulk",
   "name": "Golden Temple Bakery Strawberry Vanilla Hemp Granola",
   "price": "5.19",
   "description": "lb",
   "image": "https://d2lnr5mha7bycj.cloudfront.net/product-image/file/large_546b252c-be88-4e8b-9fc7-08b96526c749.jpg",
   "Image 2": "",
   "Product Link": "https://www.instacart.com/store/items/10049176?source1=aisle&source2=5143&source3=5143&impressionId=7e23c653-e3ca-4580-8788-7356ca775de5",
   "FIELD9": ""
 },
 {
   "category": "Bulk",
   "subcategory": "Other Bulk",
   "name": "Almond Flour",
   "price": "15.39",
   "description": "lb",
   "image": "https://d2lnr5mha7bycj.cloudfront.net/product-image/file/large_d2558756-1f5f-469d-9fd6-cdb985e76d85.jpg",
   "Image 2": "",
   "Product Link": "https://www.instacart.com/store/items/25756880?source1=aisle&source2=5143&source3=5143&impressionId=0e41fe1b-9ec6-4948-a05e-4bd80395ec2f",
   "FIELD9": ""
 },
 {
   "category": "Bulk",
   "subcategory": "Other Bulk",
   "name": "Organic Black Eyed Peas",
   "price": "3.29",
   "description": "lb",
   "image": "https://d2lnr5mha7bycj.cloudfront.net/product-image/file/large_7898f823-12cd-4145-8edf-265d08ba49d0.jpg",
   "Image 2": "",
   "Product Link": "https://www.instacart.com/store/items/22242278?source1=aisle&source2=5143&source3=5143&impressionId=1bc66c1c-d697-4b67-bc48-76f1df106f25",
   "FIELD9": ""
 },
 {
   "category": "Bulk",
   "subcategory": "Other Bulk",
   "name": "Bulk Organic Coconut Date Rolls",
   "price": "6.59",
   "description": "lb",
   "image": "https://d2lnr5mha7bycj.cloudfront.net/product-image/file/large_4ec08c84-b39a-4855-bd09-0e5bf37bb9fe.jpg",
   "Image 2": "",
   "Product Link": "https://www.instacart.com/store/items/4490896?source1=aisle&source2=5143&source3=5143&impressionId=ca3de974-72fb-4676-8741-d603223da959",
   "FIELD9": ""
 },
 {
   "category": "Bulk",
   "subcategory": "Other Bulk",
   "name": "Whole Foods Market Blueberry Almond Granola",
   "price": "8.79",
   "description": "lb",
   "image": "https://d2lnr5mha7bycj.cloudfront.net/product-image/file/large_e08f7b39-9c1f-46a0-b43b-07a5087a16df.jpg",
   "Image 2": "",
   "Product Link": "https://www.instacart.com/store/items/21525395?source1=aisle&source2=5143&source3=5143&impressionId=b408a63c-11c5-4c5e-8104-a2eb4df19f1a",
   "FIELD9": ""
 },
 {
   "category": "Bulk",
   "subcategory": "Other Bulk",
   "name": "Golden Temple Bakery Maple Pecan Dream Granola",
   "price": "5.19",
   "description": "lb",
   "image": "https://d2lnr5mha7bycj.cloudfront.net/product-image/file/large_1c749043-e99e-4970-adeb-69ae15944cd0.jpg",
   "Image 2": "",
   "Product Link": "https://www.instacart.com/store/items/22248425?source1=aisle&source2=5143&source3=5143&impressionId=c91b54ba-f019-4ace-8243-dcecc26f6a0e",
   "FIELD9": ""
 },
 {
   "category": "Bulk",
   "subcategory": "Other Bulk",
   "name": "Golden Temple Bakery Ginger Snap Granola",
   "price": "5.19",
   "description": "lb",
   "image": "https://d2lnr5mha7bycj.cloudfront.net/product-image/file/large_0a47b03e-b8fd-47a9-99dd-4f85d02849a0.jpg",
   "Image 2": "",
   "Product Link": "https://www.instacart.com/store/items/24906465?source1=aisle&source2=5143&source3=5143&impressionId=1cc3adf6-9bc4-4481-a063-2bc958d5570a",
   "FIELD9": ""
 },
 {
   "category": "Bulk",
   "subcategory": "Other Bulk",
   "name": "Organic Navy Beans",
   "price": "3.29",
   "description": "lb",
   "image": "https://d2lnr5mha7bycj.cloudfront.net/product-image/file/large_a1579190-db5c-413b-84eb-6bd06ef04f8e.jpg",
   "Image 2": "",
   "Product Link": "https://www.instacart.com/store/items/22101026?source1=aisle&source2=5143&source3=5143&impressionId=99c50708-1185-4e6a-9d97-1a963e14547e",
   "FIELD9": ""
 },
 {
   "category": "Bulk",
   "subcategory": "Other Bulk",
   "name": "Golden Temple Bakery Wild Blueberry Flax Granola",
   "price": "6.59",
   "description": "lb",
   "image": "https://d2lnr5mha7bycj.cloudfront.net/product-image/file/large_6f8a48d3-e92f-438b-80ad-123fc2886447.jpg",
   "Image 2": "",
   "Product Link": "https://www.instacart.com/store/items/21711172?source1=aisle&source2=5143&source3=5143&impressionId=3f08ac85-92ec-401a-a245-192a6b75481c",
   "FIELD9": ""
 },
 {
   "category": "Bulk",
   "subcategory": "Other Bulk",
   "name": "Organic Yellow Soy Beans, Bulk",
   "price": "2.19",
   "description": "lb",
   "image": "https://d2lnr5mha7bycj.cloudfront.net/product-image/file/large_2eda4473-8e12-4e4b-9a3e-15781af4acad.jpg",
   "Image 2": "",
   "Product Link": "https://www.instacart.com/store/items/34874460?source1=aisle&source2=5143&source3=5143&impressionId=a5eed175-09b3-42bb-8827-b083996b4da4",
   "FIELD9": ""
 },
 {
   "category": "Bulk",
   "subcategory": "Other Bulk",
   "name": "Organic Black Eyed Peas",
   "price": "3.29",
   "description": "lb",
   "image": "https://d2lnr5mha7bycj.cloudfront.net/product-image/file/large_b2d25ae2-c74f-45bc-bdb6-b467c68d3573.jpg",
   "Image 2": "",
   "Product Link": "https://www.instacart.com/store/items/8468538?source1=aisle&source2=5143&source3=5143&impressionId=9ec9e736-c7a2-4e8d-a7d3-5fe4716a8f33",
   "FIELD9": ""
 },
 {
   "category": "Bulk",
   "subcategory": "Other Bulk",
   "name": "Organic Mung Beans",
   "price": "3.29",
   "description": "lb",
   "image": "https://d2lnr5mha7bycj.cloudfront.net/product-image/file/large_c56352d9-f4bd-4786-9ec1-e9dbaf36be5c.jpg",
   "Image 2": "",
   "Product Link": "https://www.instacart.com/store/items/22091085?source1=aisle&source2=5143&source3=5143&impressionId=1409cc44-acc7-4b95-b650-05fd3fb9b025",
   "FIELD9": ""
 },
 {
   "category": "Bulk",
   "subcategory": "Other Bulk",
   "name": "Bulk Organic Conadria White Figs",
   "price": "10.99",
   "description": "�lb",
   "image": "https://d2lnr5mha7bycj.cloudfront.net/product-image/file/large_fce982ce-42b1-4e15-9436-18cef43682ed.jpg",
   "Image 2": "",
   "Product Link": "https://www.instacart.com/store/items/21469065?source1=aisle&source2=5143&source3=5143&impressionId=a4806a51-3e16-4b49-bb4d-c766278b3c45",
   "FIELD9": ""
 },
 {
   "category": "Bulk",
   "subcategory": "Other Bulk",
   "name": "Living Intentions Hemp and Greens Superfood Cereal",
   "price": "15.39",
   "description": "lb",
   "image": "https://d2lnr5mha7bycj.cloudfront.net/product-image/file/large_4a0313c3-bca5-47bd-88f6-5950da1867eb.jpg",
   "Image 2": "",
   "Product Link": "https://www.instacart.com/store/items/22212773?source1=aisle&source2=5143&source3=5143&impressionId=53c37d7b-ef13-4dd0-a9b4-47d17a907ed7",
   "FIELD9": ""
 },
 {
   "category": "Bulk",
   "subcategory": "Other Bulk",
   "name": "Living Intentions Hemp & Greens Cereal",
   "price": "15.39",
   "description": "lb",
   "image": "https://d2lnr5mha7bycj.cloudfront.net/product-image/file/large_4a0313c3-bca5-47bd-88f6-5950da1867eb.jpg",
   "Image 2": "",
   "Product Link": "https://www.instacart.com/store/items/84048686?source1=aisle&source2=5143&source3=5143&impressionId=5b70c318-50f8-406b-9189-23cccefa3c23",
   "FIELD9": ""
 },
 {
   "category": "Bulk",
   "subcategory": "Other Bulk",
   "name": "Golden Temple Bakery Strawberry Vanilla Hemp Granola",
   "price": "5.19",
   "description": "lb",
   "image": "https://d2lnr5mha7bycj.cloudfront.net/product-image/file/large_546b252c-be88-4e8b-9fc7-08b96526c749.jpg",
   "Image 2": "",
   "Product Link": "https://www.instacart.com/store/items/86528195?source1=aisle&source2=5143&source3=5143&impressionId=a0275ad3-7452-478a-80bf-74ae3aba2985",
   "FIELD9": ""
 },
 {
   "category": "Bulk",
   "subcategory": "Other Bulk",
   "name": "Allegro Spice Whole Organic Coriander Seed",
   "price": "9.89",
   "description": "lb",
   "image": "https://d2lnr5mha7bycj.cloudfront.net/product-image/file/large_43451548-fa31-4d62-8939-3713e346b0df.jpg",
   "Image 2": "",
   "Product Link": "https://www.instacart.com/store/items/4576765?source1=aisle&source2=5143&source3=5143&impressionId=dc55029a-79fd-40aa-94cc-f2700e663c76",
   "FIELD9": ""
 },
 {
   "category": "Bulk",
   "subcategory": "Other Bulk",
   "name": "Golden Temple Bakery Super Nutty Granola",
   "price": "5.19",
   "description": "lb",
   "image": "https://d2lnr5mha7bycj.cloudfront.net/product-image/file/large_acf8ab56-866e-4578-b6f7-17dda232e110.jpg",
   "Image 2": "",
   "Product Link": "https://www.instacart.com/store/items/91137512?source1=aisle&source2=5143&source3=5143&impressionId=1dedc8ba-b24e-4fca-9c26-41b9a9f5969a",
   "FIELD9": ""
 },
 {
   "category": "Bulk",
   "subcategory": "Other Bulk",
   "name": "Allegro Spice Organic Onion Granules",
   "price": "7.69",
   "description": "lb",
   "image": "https://d2lnr5mha7bycj.cloudfront.net/product-image/file/large_9aa85f3b-3061-440b-93a9-2ef9c4ccdbbb.jpg",
   "Image 2": "",
   "Product Link": "https://www.instacart.com/store/items/4594590?source1=aisle&source2=5143&source3=5143&impressionId=8616eb5f-6bd8-460c-9c3a-3453a0deec34",
   "FIELD9": ""
 },
 {
   "category": "Bulk",
   "subcategory": "Bulk Candies & Chocolates",
   "name": "SunRidge Farms Yogurt Covered Pretzels",
   "price": "8.29",
   "description": "lb",
   "image": "https://d2lnr5mha7bycj.cloudfront.net/product-image/file/large_aade3dd1-9acd-47ee-a01e-6b83d64cf514.jpg",
   "Image 2": "",
   "Product Link": "https://www.instacart.com/store/items/21365951?source1=aisle&source2=11479&source3=11479&impressionId=2ce4d298-fa0a-442c-8652-7642b124b926",
   "FIELD9": ""
 },
 {
   "category": "Bulk",
   "subcategory": "Bulk Candies & Chocolates",
   "name": "Organic Granny Smith Apple",
   "price": "1.22",
   "description": "Price Estimate: $1.22�($3.29/lb נ0.37�lb)",
   "image": "https://d2lnr5mha7bycj.cloudfront.net/product-image/file/large_d2f83503-4148-4705-8fd8-7a94e6a5d98f.jpg",
   "Image 2": "",
   "Product Link": "https://www.instacart.com/store/items/84048733?source1=aisle&source2=11479&source3=11479&impressionId=2ce611e5-d9a4-4011-8b54-cba7ac189a69",
   "FIELD9": ""
 },
 {
   "category": "Bulk",
   "subcategory": "Bulk Candies & Chocolates",
   "name": "Crystal Candies Dark Chocolate Covered Almonds",
   "price": "20.89",
   "description": "lb",
   "image": "https://d2lnr5mha7bycj.cloudfront.net/product-image/file/large_9a470a97-7c25-4da0-a056-744f20029b14.jpg",
   "Image 2": "",
   "Product Link": "https://www.instacart.com/store/items/4489698?source1=aisle&source2=11479&source3=11479&impressionId=027d9b15-52bd-486a-b848-a24c04b2b23b",
   "FIELD9": ""
 },
 {
   "category": "Bulk",
   "subcategory": "Bulk Candies & Chocolates",
   "name": "SunRidge Farms Fair Trade Milk Chocolate Peanut Butter Malt Balls",
   "price": "13.19",
   "description": "�lb",
   "image": "https://d2lnr5mha7bycj.cloudfront.net/product-image/file/large_3f22f668-d0e4-4de5-a3c9-0bcbc6884acb.jpg",
   "Image 2": "",
   "Product Link": "https://www.instacart.com/store/items/18499120?source1=aisle&source2=11479&source3=11479&impressionId=c3865ba9-026a-41de-ae6b-84cca0a15c12",
   "FIELD9": ""
 },
 {
   "category": "Bulk",
   "subcategory": "Bulk Candies & Chocolates",
   "name": "SunSpire Yogurt Raisins",
   "price": "12.09",
   "description": "�lb",
   "image": "https://d2lnr5mha7bycj.cloudfront.net/product-image/file/large_0d8e1e44-695b-48d9-be4a-6988e39d70b7.jpg",
   "Image 2": "",
   "Product Link": "https://www.instacart.com/store/items/4599812?source1=aisle&source2=11479&source3=11479&impressionId=dec45548-a346-4c71-916e-de2f12a112a1",
   "FIELD9": ""
 },
 {
   "category": "Bulk",
   "subcategory": "Bulk Candies & Chocolates",
   "name": "SunRidge Farms Candied Ginger, Bulk",
   "price": "8.79",
   "description": "�lb",
   "image": "https://d2lnr5mha7bycj.cloudfront.net/product-image/file/large_0076d5f6-e794-482f-8d03-cdcc24230853.jpg",
   "Image 2": "",
   "Product Link": "https://www.instacart.com/store/items/4573673?source1=aisle&source2=11479&source3=11479&impressionId=88a5e61a-222f-4222-babc-82a1c4b57c8f",
   "FIELD9": ""
 },
 {
   "category": "Bulk",
   "subcategory": "Bulk Candies & Chocolates",
   "name": "SunRidge Farms Fair Trade Milk Chocolate Rainbow Drops",
   "price": "10.99",
   "description": "lb",
   "image": "https://d2lnr5mha7bycj.cloudfront.net/product-image/file/large_6a9b59ea-d0b5-4146-9f81-e673c2ee141f.jpg",
   "Image 2": "",
   "Product Link": "https://www.instacart.com/store/items/23367968?source1=aisle&source2=11479&source3=11479&impressionId=7df3a480-05ab-4947-89e1-224823401505",
   "FIELD9": ""
 },
 {
   "category": "Bulk",
   "subcategory": "Bulk Candies & Chocolates",
   "name": "SunRidge Farms Fair Trade Dark Chocolate Coconut Chews",
   "price": "13.19",
   "description": "lb",
   "image": "https://d2lnr5mha7bycj.cloudfront.net/product-image/file/large_4c348f7b-4a6b-4e40-8b6b-6d6c5a92d706.jpg",
   "Image 2": "",
   "Product Link": "https://www.instacart.com/store/items/23873367?source1=aisle&source2=11479&source3=11479&impressionId=05f461c4-52c0-4827-8843-0a86a81207c2",
   "FIELD9": ""
 },
 {
   "category": "Bulk",
   "subcategory": "Bulk Candies & Chocolates",
   "name": "SunRidge Farms Dark Chocolate Cashews",
   "price": "15.39",
   "description": "lb",
   "image": "https://d2lnr5mha7bycj.cloudfront.net/product-image/file/large_7ab4dc04-ec4c-401a-aa21-f7339d897c8b.jpg",
   "Image 2": "",
   "Product Link": "https://www.instacart.com/store/items/29471750?source1=aisle&source2=11479&source3=11479&impressionId=83129a81-844f-4785-bc3e-d22d5c14e1e6",
   "FIELD9": ""
 },
 {
   "category": "Bulk",
   "subcategory": "Bulk Candies & Chocolates",
   "name": "SunSpire Organic Dark Chocolate Chips",
   "price": "13.19",
   "description": "lb",
   "image": "https://d2lnr5mha7bycj.cloudfront.net/product-image/file/large_6f6ccd4f-5260-4855-b904-eeaa70b8c4da.jpg",
   "Image 2": "",
   "Product Link": "https://www.instacart.com/store/items/11321228?source1=aisle&source2=11479&source3=11479&impressionId=d4cb3441-56c8-435e-9672-26a7ef44aee7",
   "FIELD9": ""
 },
 {
   "category": "Bulk",
   "subcategory": "Bulk Candies & Chocolates",
   "name": "SunRidge Farms Fair Trade Milk Chocolate Coconut Chews",
   "price": "13.19",
   "description": "lb",
   "image": "https://d2lnr5mha7bycj.cloudfront.net/product-image/file/large_c3bd74aa-3d69-4979-9551-bcba2f154c16.jpg",
   "Image 2": "",
   "Product Link": "https://www.instacart.com/store/items/23272618?source1=aisle&source2=11479&source3=11479&impressionId=7212d8a1-8d5c-4986-be2e-a31faeae4b2f",
   "FIELD9": ""
 },
 {
   "category": "Bulk",
   "subcategory": "Bulk Candies & Chocolates",
   "name": "Valrhona Chocolate Jivara Lactee 40%",
   "price": "7.69",
   "description": "lb",
   "image": "https://d2guulkeunn7d8.cloudfront.net/assets/missing-item-0ca47424f272dd3909349f67e9661183.png",
   "Image 2": "",
   "Product Link": "https://www.instacart.com/store/items/48973277?source1=aisle&source2=11479&source3=11479&impressionId=300f92dd-d474-4918-9540-d0d46be9f1d3",
   "FIELD9": ""
 },
 {
   "category": "Bulk",
   "subcategory": "Bulk Candies & Chocolates",
   "name": "Whole Foods Market White Chocolate",
   "price": "3.5",
   "description": "1 lb�",
   "image": "https://d2guulkeunn7d8.cloudfront.net/assets/missing-item-0ca47424f272dd3909349f67e9661183.png",
   "Image 2": "",
   "Product Link": "https://www.instacart.com/store/items/67329261?source1=aisle&source2=11479&source3=11479&impressionId=9ce7f4b4-c95c-4b3c-aee9-9f6dd668e20b",
   "FIELD9": ""
 },
 {
   "category": "Bulk",
   "subcategory": "Bulk Candies & Chocolates",
   "name": "Yogurt Covered Pretzels",
   "price": "8.29",
   "description": "lb",
   "image": "https://d2lnr5mha7bycj.cloudfront.net/product-image/file/large_e82f4d71-f452-4306-86a7-73820c0a885d.jpg",
   "Image 2": "",
   "Product Link": "https://www.instacart.com/store/items/54641653?source1=aisle&source2=11479&source3=11479&impressionId=f8c695f3-9aa2-49be-bf02-8edf71d75048",
   "FIELD9": ""
 },
 {
   "category": "Bulk",
   "subcategory": "Bulk Candies & Chocolates",
   "name": "Organic Dark Chocolate Chips",
   "price": "13.19",
   "description": "lb",
   "image": "https://d2lnr5mha7bycj.cloudfront.net/product-image/file/large_6af85c64-8ea6-4214-b7bf-b2341b25599c.jpg",
   "Image 2": "",
   "Product Link": "https://www.instacart.com/store/items/87754886?source1=aisle&source2=11479&source3=11479&impressionId=6a0bad50-9739-4dfe-8f1e-be3a194149d5",
   "FIELD9": ""
 },
 {
   "category": "Bulk",
   "subcategory": "Bulk Candies & Chocolates",
   "name": "Dark Chocolate Discs",
   "price": "18.69",
   "description": "lb",
   "image": "https://d2guulkeunn7d8.cloudfront.net/assets/missing-item-0ca47424f272dd3909349f67e9661183.png",
   "Image 2": "",
   "Product Link": "https://www.instacart.com/store/items/87421880?source1=aisle&source2=11479&source3=11479&impressionId=52b1b11c-0e29-476e-930d-95862ee46c88",
   "FIELD9": ""
 },
 {
   "category": "Bulk",
   "subcategory": "Bulk Candies & Chocolates",
   "name": "SunRidge Farms Black Licorice Scotties",
   "price": "5.49",
   "description": "�lb",
   "image": "https://d2guulkeunn7d8.cloudfront.net/assets/missing-item-0ca47424f272dd3909349f67e9661183.png",
   "Image 2": "",
   "Product Link": "https://www.instacart.com/store/items/22032047?source1=aisle&source2=11479&source3=11479&impressionId=bd2baea6-c7f6-4922-a7b1-8cde2f2f9571",
   "FIELD9": ""
 },
 {
   "category": "Bulk",
   "subcategory": "Bulk Candies & Chocolates",
   "name": "Cordillera 70% Chocolate Coins",
   "price": "14.29",
   "description": "lb",
   "image": "https://d2guulkeunn7d8.cloudfront.net/assets/missing-item-0ca47424f272dd3909349f67e9661183.png",
   "Image 2": "",
   "Product Link": "https://www.instacart.com/store/items/21695579?source1=aisle&source2=11479&source3=11479&impressionId=497002d3-9253-4072-94b8-cc8610b9e254",
   "FIELD9": ""
 },
 {
   "category": "Bulk",
   "subcategory": "Bulk Candies & Chocolates",
   "name": "Sweet Candy Co. Agave Gummy Bears",
   "price": "10.99",
   "description": "lb",
   "image": "https://d2guulkeunn7d8.cloudfront.net/assets/missing-item-0ca47424f272dd3909349f67e9661183.png",
   "Image 2": "",
   "Product Link": "https://www.instacart.com/store/items/4490068?source1=aisle&source2=11479&source3=11479&impressionId=83c377fe-9abf-4a18-9a0c-31abcf2e6b2e",
   "FIELD9": ""
 },
 {
   "category": "Bulk",
   "subcategory": "Bulk Candies & Chocolates",
   "name": "Cordillera Couv Coins 36% Dk Milk",
   "price": "14.29",
   "description": "lb",
   "image": "https://d2guulkeunn7d8.cloudfront.net/assets/missing-item-0ca47424f272dd3909349f67e9661183.png",
   "Image 2": "",
   "Product Link": "https://www.instacart.com/store/items/4578062?source1=aisle&source2=11479&source3=11479&impressionId=579b6b8d-ce21-42e2-8ac8-c88ef33fe948",
   "FIELD9": ""
 },
 {
   "category": "Bulk",
   "subcategory": "Bulk Spreads Butter, Honey, Syrup",
   "name": "Fresh Ground Honey Roasted Peanut Butter",
   "price": "4.39",
   "description": "lb",
   "image": "https://d2lnr5mha7bycj.cloudfront.net/product-image/file/large_ffe82f5b-a66d-470f-9317-2e89c83b54c4.jpg",
   "Image 2": "",
   "Product Link": "https://www.instacart.com/store/items/22262015?source1=aisle&source2=5136&source3=5136&impressionId=39316655-748e-4041-8a55-fce4112716ef",
   "FIELD9": ""
 },
 {
   "category": "Bulk",
   "subcategory": "Bulk Spreads Butter, Honey, Syrup",
   "name": "Anna's Gourmet Wildflower Honey",
   "price": "12.99",
   "description": "22 oz�",
   "image": "https://d2guulkeunn7d8.cloudfront.net/assets/missing-item-0ca47424f272dd3909349f67e9661183.png",
   "Image 2": "",
   "Product Link": "https://www.instacart.com/store/items/47048536?source1=aisle&source2=5136&source3=5136&impressionId=39820d1b-9571-49a5-97fd-4dd9cb889ced",
   "FIELD9": ""
 },
 {
   "category": "Bulk",
   "subcategory": "Bulk Spreads Butter, Honey, Syrup",
   "name": "Bulk Diced Roasted Almonds",
   "price": "10.99",
   "description": "lb",
   "image": "https://d2guulkeunn7d8.cloudfront.net/assets/missing-item-0ca47424f272dd3909349f67e9661183.png",
   "Image 2": "",
   "Product Link": "https://www.instacart.com/store/items/21572334?source1=aisle&source2=5136&source3=5136&impressionId=a81c425e-30fc-4168-95d2-f0fcdb596fae",
   "FIELD9": ""
 },
 {
   "category": "Bulk",
   "subcategory": "Bulk Spreads Butter, Honey, Syrup",
   "name": "Organic Black Beans",
   "price": "2.79",
   "description": "�lb",
   "image": "https://d2guulkeunn7d8.cloudfront.net/assets/missing-item-0ca47424f272dd3909349f67e9661183.png",
   "Image 2": "",
   "Product Link": "https://www.instacart.com/store/items/92899674?source1=aisle&source2=5136&source3=5136&impressionId=8f752e87-f8f6-46a9-966d-ef4c6719c933",
   "FIELD9": ""
 },
 {
   "category": "Bulk",
   "subcategory": "Bulk Spices & Seasoning",
   "name": "Organic Red Chili Beans",
   "price": "2.99",
   "description": "lb",
   "image": "https://d2guulkeunn7d8.cloudfront.net/assets/missing-item-0ca47424f272dd3909349f67e9661183.png",
   "Image 2": "",
   "Product Link": "https://www.instacart.com/store/items/87775568?source1=aisle&source2=23814&source3=23814&impressionId=d924e45b-47b8-4fb9-b679-f492653d5697",
   "FIELD9": ""
 },
 {
   "category": "Bulk",
   "subcategory": "Bulk Spices & Seasoning",
   "name": "Frontier Crystallized Ginger",
   "price": "8.79",
   "description": "lb",
   "image": "https://d2guulkeunn7d8.cloudfront.net/assets/missing-item-0ca47424f272dd3909349f67e9661183.png",
   "Image 2": "",
   "Product Link": "https://www.instacart.com/store/items/54641649?source1=aisle&source2=23814&source3=23814&impressionId=fb337a65-c06f-4bce-ad55-eaa2bf04eed8",
   "FIELD9": ""
 },
 {
   "category": "Bulk",
   "subcategory": "Bulk Spices & Seasoning",
   "name": "Blue Skies Cranberry Hazelnut Granola",
   "price": "14.29",
   "description": "lb",
   "image": "https://d2guulkeunn7d8.cloudfront.net/assets/missing-item-0ca47424f272dd3909349f67e9661183.png",
   "Image 2": "",
   "Product Link": "https://www.instacart.com/store/items/28001657?source1=aisle&source2=23814&source3=23814&impressionId=d6e3e605-0ea1-4ff2-bf49-28acce7d1090",
   "FIELD9": ""
 },
 {
   "category": "Dry Goods & Pasta",
   "subcategory": "Dry Pasta",
   "name": "365 Spaghetti",
   "price": "1.09",
   "description": "16 oz�",
   "image": "https://d2lnr5mha7bycj.cloudfront.net/product-image/file/large_2e8d623d-6deb-427e-8d59-396b5c053b51.jpg",
   "Image 2": "",
   "Product Link": "https://www.instacart.com/store/items/4461362?source1=aisle&source2=553&source3=553&impressionId=1d8ee4a5-852f-43ae-879c-809efaac4167",
   "FIELD9": ""
 },
 {
   "category": "Dry Goods & Pasta",
   "subcategory": "Dry Pasta",
   "name": "365 Organic Fusilli Pasta",
   "price": "1.99",
   "description": "16 oz�",
   "image": "https://d2lnr5mha7bycj.cloudfront.net/product-image/file/large_a3066486-929b-4b9c-bdca-6b63744b42af.jpg",
   "Image 2": "",
   "Product Link": "https://www.instacart.com/store/items/4535689?source1=aisle&source2=553&source3=553&impressionId=c8085732-1773-4c22-87b4-0d702d1c43c0",
   "FIELD9": ""
 },
 {
   "category": "Dry Goods & Pasta",
   "subcategory": "Dry Pasta",
   "name": "365 Organic Whole Wheat Fusilli",
   "price": "1.99",
   "description": "16 oz�",
   "image": "https://d2lnr5mha7bycj.cloudfront.net/product-image/file/large_f962d80d-482e-4f15-b8be-ede408ebf8d6.jpg",
   "Image 2": "",
   "Product Link": "https://www.instacart.com/store/items/4485852?source1=aisle&source2=553&source3=553&impressionId=154c047e-aa3f-467e-99e3-08347a5518fc",
   "FIELD9": ""
 },
 {
   "category": "Dry Goods & Pasta",
   "subcategory": "Dry Pasta",
   "name": "365 Organic Whole Wheat Spaghetti",
   "price": "1.99",
   "description": "16 oz�",
   "image": "https://d2lnr5mha7bycj.cloudfront.net/product-image/file/large_468d3e41-b6dc-4d80-9a90-a0635f9def4a.jpg",
   "Image 2": "",
   "Product Link": "https://www.instacart.com/store/items/4488430?source1=aisle&source2=553&source3=553&impressionId=e2e0820a-a1de-4608-9b0c-83135dbe9f7e",
   "FIELD9": ""
 },
 {
   "category": "Dry Goods & Pasta",
   "subcategory": "Dry Pasta",
   "name": "365 Organic Spaghetti",
   "price": "1.99",
   "description": "16 oz�",
   "image": "https://d2lnr5mha7bycj.cloudfront.net/product-image/file/large_f58f6919-3d2c-4297-b7d4-fab1ed15d754.jpg",
   "Image 2": "",
   "Product Link": "https://www.instacart.com/store/items/18483133?source1=aisle&source2=553&source3=553&impressionId=88dea04d-01cb-4052-bed3-ec8c0c6b54e9",
   "FIELD9": ""
 },
 {
   "category": "Dry Goods & Pasta",
   "subcategory": "Dry Pasta",
   "name": "365 Organic Pasta Shells",
   "price": "1.99",
   "description": "16 oz�",
   "image": "https://d2lnr5mha7bycj.cloudfront.net/product-image/file/large_405831a9-1e98-4022-8024-2d246ad75679.jpg",
   "Image 2": "",
   "Product Link": "https://www.instacart.com/store/items/4522219?source1=aisle&source2=553&source3=553&impressionId=771c6481-36e6-4736-8db0-d15fb04a1c3a",
   "FIELD9": ""
 },
 {
   "category": "Dry Goods & Pasta",
   "subcategory": "Dry Pasta",
   "name": "365 Elbows Macaroni",
   "price": "1.09",
   "description": "16 oz�",
   "image": "https://d2lnr5mha7bycj.cloudfront.net/product-image/file/large_5b265c59-f73e-47b2-8259-b0919ce61d10.jpg",
   "Image 2": "",
   "Product Link": "https://www.instacart.com/store/items/4520101?source1=aisle&source2=553&source3=553&impressionId=af2e58a2-300b-4e8d-b5e5-cecc93655edd",
   "FIELD9": ""
 },
 {
   "category": "Dry Goods & Pasta",
   "subcategory": "Dry Pasta",
   "name": "De Cecco Spaghetti",
   "price": "3.49",
   "description": "16 oz�",
   "image": "https://d2lnr5mha7bycj.cloudfront.net/product-image/file/large_0df176b2-71ed-42bc-8c69-af95fb1e60d7.jpg",
   "Image 2": "",
   "Product Link": "https://www.instacart.com/store/items/4472306?source1=aisle&source2=553&source3=553&impressionId=3c6c4bb7-0c55-4976-abe0-becd706b0809",
   "FIELD9": ""
 },
 {
   "category": "Dry Goods & Pasta",
   "subcategory": "Dry Pasta",
   "name": "365 Penne Rigate",
   "price": "1.09",
   "description": "16 oz�",
   "image": "https://d2lnr5mha7bycj.cloudfront.net/product-image/file/large_720848a1-8c7b-4218-a39e-ab4f03217871.jpg",
   "Image 2": "",
   "Product Link": "https://www.instacart.com/store/items/4461568?source1=aisle&source2=553&source3=553&impressionId=660b0563-c0b1-4dfe-85b7-6b3e9c7d1f42",
   "FIELD9": ""
 },
 {
   "category": "Dry Goods & Pasta",
   "subcategory": "Dry Pasta",
   "name": "365 Organic Penne Rigate",
   "price": "1.99",
   "description": "16 oz�",
   "image": "https://d2lnr5mha7bycj.cloudfront.net/product-image/file/large_373fe905-30b0-4c4b-986d-b46bfdf76ebf.jpg",
   "Image 2": "",
   "Product Link": "https://www.instacart.com/store/items/4535897?source1=aisle&source2=553&source3=553&impressionId=0992084a-b17d-411f-b5a0-69f382c9d31b",
   "FIELD9": ""
 },
 {
   "category": "Dry Goods & Pasta",
   "subcategory": "Dry Pasta",
   "name": "365 Fusilli Pasta",
   "price": "1.09",
   "description": "16 oz�",
   "image": "https://d2lnr5mha7bycj.cloudfront.net/product-image/file/large_23e6da24-0648-4c1c-9ee4-02f96bd25aff.jpg",
   "Image 2": "",
   "Product Link": "https://www.instacart.com/store/items/4461710?source1=aisle&source2=553&source3=553&impressionId=0bf820d0-f00e-4b62-8edb-f4ab43be575b",
   "FIELD9": ""
 },
 {
   "category": "Dry Goods & Pasta",
   "subcategory": "Dry Pasta",
   "name": "365 Organic Whole Wheat Penne Rigate",
   "price": "1.99",
   "description": "16 oz�",
   "image": "https://d2lnr5mha7bycj.cloudfront.net/product-image/file/large_84ffcdae-3974-4e84-b70d-454a6d40556c.jpg",
   "Image 2": "",
   "Product Link": "https://www.instacart.com/store/items/4488341?source1=aisle&source2=553&source3=553&impressionId=ee9ce636-967b-44c6-8e60-53e527a6914e",
   "FIELD9": ""
 },
 {
   "category": "Dry Goods & Pasta",
   "subcategory": "Dry Pasta",
   "name": "Whole Foods Market Organic Orzo",
   "price": "1.99",
   "description": "16 oz�",
   "image": "https://d2lnr5mha7bycj.cloudfront.net/product-image/file/large_b3cada21-c95e-4360-9ee7-5130bac23cd9.jpg",
   "Image 2": "",
   "Product Link": "https://www.instacart.com/store/items/4522467?source1=aisle&source2=553&source3=553&impressionId=3f7119fe-fbfe-4c7c-9b7b-00829076152a",
   "FIELD9": ""
 },
 {
   "category": "Dry Goods & Pasta",
   "subcategory": "Dry Pasta",
   "name": "De Cecco Fusilli No. 34",
   "price": "3.49",
   "description": "16 oz�",
   "image": "https://d2lnr5mha7bycj.cloudfront.net/product-image/file/large_c91f153b-bc6e-47fa-a1f1-25c3dfcc8e8e.jpg",
   "Image 2": "",
   "Product Link": "https://www.instacart.com/store/items/4471997?source1=aisle&source2=553&source3=553&impressionId=ddbcabef-407b-430c-996b-5d5e4030208e",
   "FIELD9": ""
 },
 {
   "category": "Dry Goods & Pasta",
   "subcategory": "Dry Pasta",
   "name": "365 No Boil Lasagna",
   "price": "2.49",
   "description": "16 oz�",
   "image": "https://d2lnr5mha7bycj.cloudfront.net/product-image/file/large_4a192b43-ef3f-4d03-b5b7-278f6ae91c9f.jpg",
   "Image 2": "",
   "Product Link": "https://www.instacart.com/store/items/4485941?source1=aisle&source2=553&source3=553&impressionId=c63e1e86-a8b9-483b-98a4-d5c0abee062a",
   "FIELD9": ""
 },
 {
   "category": "Dry Goods & Pasta",
   "subcategory": "Dry Pasta",
   "name": "365 Organic Fettuccine",
   "price": "1.99",
   "description": "16 oz�",
   "image": "https://d2lnr5mha7bycj.cloudfront.net/product-image/file/large_728c6d5f-c125-4e8a-8cd7-84afee0897d5.jpg",
   "Image 2": "",
   "Product Link": "https://www.instacart.com/store/items/4522684?source1=aisle&source2=553&source3=553&impressionId=15922d04-5b98-457c-b5c0-66c7ee63cfe5",
   "FIELD9": ""
 },
 {
   "category": "Dry Goods & Pasta",
   "subcategory": "Dry Pasta",
   "name": "De Cecco Penne Rigate",
   "price": "3.49",
   "description": "1 lb�",
   "image": "https://d2lnr5mha7bycj.cloudfront.net/product-image/file/large_c14dcba0-d966-4575-a3f3-60987f3ff1de.jpg",
   "Image 2": "",
   "Product Link": "https://www.instacart.com/store/items/4471533?source1=aisle&source2=553&source3=553&impressionId=0317aee6-108d-4280-af97-2c811aa0553f",
   "FIELD9": ""
 },
 {
   "category": "Dry Goods & Pasta",
   "subcategory": "Dry Pasta",
   "name": "Whole Foods Market Organic Farfalle",
   "price": "1.99",
   "description": "16 oz�",
   "image": "https://d2lnr5mha7bycj.cloudfront.net/product-image/file/large_731b5273-06ab-4cde-8796-e268d7572c7c.jpg",
   "Image 2": "",
   "Product Link": "https://www.instacart.com/store/items/4535478?source1=aisle&source2=553&source3=553&impressionId=895609a4-3662-49dc-ab27-e73391c9c83e",
   "FIELD9": ""
 },
 {
   "category": "Dry Goods & Pasta",
   "subcategory": "Dry Pasta",
   "name": "365 Organic Whole Wheat Elbows",
   "price": "1.99",
   "description": "16 oz�",
   "image": "https://d2lnr5mha7bycj.cloudfront.net/product-image/file/large_7eaab134-b5c6-44d9-946c-a7a438e2e303.jpg",
   "Image 2": "",
   "Product Link": "https://www.instacart.com/store/items/4519757?source1=aisle&source2=553&source3=553&impressionId=4a0fbc6c-69d1-4a68-9d73-7ff18d277120",
   "FIELD9": ""
 },
 {
   "category": "Dry Goods & Pasta",
   "subcategory": "Fresh Pasta",
   "name": "Artisola Organic Cheese Tortellini",
   "price": "8.99",
   "description": "8 oz�",
   "image": "https://d2lnr5mha7bycj.cloudfront.net/product-image/file/large_4086114b-c4da-4d8b-b303-46023a623d89.jpg",
   "Image 2": "",
   "Product Link": "https://www.instacart.com/store/items/32523202?source1=aisle&source2=2701&source3=2701&impressionId=1b1e2209-860c-426e-ab11-ffc140e2334a",
   "FIELD9": ""
 },
 {
   "category": "Dry Goods & Pasta",
   "subcategory": "Fresh Pasta",
   "name": "Rising Moon Organics Ravioli Wild Chanterelle Mushroom",
   "price": "5.99",
   "description": "8 oz�",
   "image": "https://d2lnr5mha7bycj.cloudfront.net/product-image/file/large_b8b16314-b0e0-44fd-aba2-a61a301cba1d.jpg",
   "Image 2": "",
   "Product Link": "https://www.instacart.com/store/items/4572564?source1=aisle&source2=2701&source3=2701&impressionId=b6e8fc2b-0e24-4d07-99da-4fe05e259a13",
   "FIELD9": ""
 },
 {
   "category": "Dry Goods & Pasta",
   "subcategory": "Fresh Pasta",
   "name": "Kite Hill Spinach And Ricotta Ravioli",
   "price": "7.99",
   "description": "9 oz�",
   "image": "https://d2lnr5mha7bycj.cloudfront.net/product-image/file/large_30b781ed-c9c1-4881-97de-727fb1802092.jpg",
   "Image 2": "",
   "Product Link": "https://www.instacart.com/store/items/29085433?source1=aisle&source2=2701&source3=2701&impressionId=bc3a78a0-33c5-40de-bf7f-edf6e0c23828",
   "FIELD9": ""
 },
 {
   "category": "Dry Goods & Pasta",
   "subcategory": "Fresh Pasta",
   "name": "Rising Moon Organics Ravioli Basil, Asiago & Pine Nut Pesto",
   "price": "5.99",
   "description": "8 oz�",
   "image": "https://d2lnr5mha7bycj.cloudfront.net/product-image/file/large_83afb1a8-04b2-49ac-9f9b-409986019e72.jpg",
   "Image 2": "",
   "Product Link": "https://www.instacart.com/store/items/4572558?source1=aisle&source2=2701&source3=2701&impressionId=83172988-f15e-446c-9ef0-e8eef2d9a749",
   "FIELD9": ""
 },
 {
   "category": "Dry Goods & Pasta",
   "subcategory": "Fresh Pasta",
   "name": "Artisola Organic Spinach And Cheese Tortellini",
   "price": "8.99",
   "description": "8 oz�",
   "image": "https://d2lnr5mha7bycj.cloudfront.net/product-image/file/large_71a5f856-8129-4eb3-bb3f-3a61b013fd2e.jpg",
   "Image 2": "",
   "Product Link": "https://www.instacart.com/store/items/33195881?source1=aisle&source2=2701&source3=2701&impressionId=fed4f163-37ac-4c5c-915a-ab25448c17ef",
   "FIELD9": ""
 },
 {
   "category": "Dry Goods & Pasta",
   "subcategory": "Fresh Pasta",
   "name": "Bertagni Porcini Mushroom Tortellini",
   "price": "6.99",
   "description": "8.8 oz�",
   "image": "https://d2lnr5mha7bycj.cloudfront.net/product-image/file/large_716e7c3f-0c2c-4686-8a7d-cb4f62600ea7.jpg",
   "Image 2": "",
   "Product Link": "https://www.instacart.com/store/items/30391044?source1=aisle&source2=2701&source3=2701&impressionId=5fd64f54-ec91-4b27-9fc5-49f6a7a2e8f8",
   "FIELD9": ""
 },
 {
   "category": "Dry Goods & Pasta",
   "subcategory": "Fresh Pasta",
   "name": "Bertagni Ricotta And Spinach Tondi",
   "price": "6.99",
   "description": "8.8 oz�",
   "image": "https://d2lnr5mha7bycj.cloudfront.net/product-image/file/large_d53064c0-8f1d-4e9d-8b40-ec3c16aa3e69.jpg",
   "Image 2": "",
   "Product Link": "https://www.instacart.com/store/items/35693463?source1=aisle&source2=2701&source3=2701&impressionId=ce74e124-6ae4-43f0-bad3-69a19db3ec3d",
   "FIELD9": ""
 },
 {
   "category": "Dry Goods & Pasta",
   "subcategory": "Fresh Pasta",
   "name": "Artisola Organic Chicken & Mozzarella Ravioli",
   "price": "8.99",
   "description": "8 oz�",
   "image": "https://d2lnr5mha7bycj.cloudfront.net/product-image/file/large_8bb55223-2fef-464b-91c7-d29d0d876e17.jpg",
   "Image 2": "",
   "Product Link": "https://www.instacart.com/store/items/30942788?source1=aisle&source2=2701&source3=2701&impressionId=76bc8f0c-8c3f-4cd9-9351-5a5078294b8c",
   "FIELD9": ""
 },
 {
   "category": "Dry Goods & Pasta",
   "subcategory": "Fresh Pasta",
   "name": "Bertagni Fire Roasted Tomato, Mozzarella And Basil Ravioli",
   "price": "6.99",
   "description": "8.8 oz�",
   "image": "https://d2lnr5mha7bycj.cloudfront.net/product-image/file/large_a1117c3e-cdea-4698-ac02-33ac5cb01bd8.jpg",
   "Image 2": "",
   "Product Link": "https://www.instacart.com/store/items/46977472?source1=aisle&source2=2701&source3=2701&impressionId=bee54880-e911-45d5-b03a-1a10cfcb2c44",
   "FIELD9": ""
 },
 {
   "category": "Dry Goods & Pasta",
   "subcategory": "Fresh Pasta",
   "name": "Manini's Gluten Free Spaghetti",
   "price": "6.99",
   "description": "9 oz�",
   "image": "https://d2lnr5mha7bycj.cloudfront.net/product-image/file/large_9179caf6-e46f-4c92-a8de-ab4c29ac912d.jpg",
   "Image 2": "",
   "Product Link": "https://www.instacart.com/store/items/4514450?source1=aisle&source2=2701&source3=2701&impressionId=f5f95c0d-7868-4137-9168-6f06429d1430",
   "FIELD9": ""
 },
 {
   "category": "Dry Goods & Pasta",
   "subcategory": "Fresh Pasta",
   "name": "Artisola Organic Spinach And Cheese Ravioli",
   "price": "8.99",
   "description": "8 oz�",
   "image": "https://d2lnr5mha7bycj.cloudfront.net/product-image/file/large_55067988-dd6d-4ee7-b70c-c1fb3448c49a.jpg",
   "Image 2": "",
   "Product Link": "https://www.instacart.com/store/items/31730916?source1=aisle&source2=2701&source3=2701&impressionId=516eb28a-ec4d-4a53-b4db-b001e1585b49",
   "FIELD9": ""
 },
 {
   "category": "Dry Goods & Pasta",
   "subcategory": "Fresh Pasta",
   "name": "Manini's Gluten-Free Lemon Thyme Linguine",
   "price": "6.99",
   "description": "9 oz�",
   "image": "https://d2lnr5mha7bycj.cloudfront.net/product-image/file/large_0c0d6c69-cc7b-4f2a-9c5a-9a7400864799.jpg",
   "Image 2": "",
   "Product Link": "https://www.instacart.com/store/items/4514322?source1=aisle&source2=2701&source3=2701&impressionId=c218d086-f065-491e-9a9e-457c7699481a",
   "FIELD9": ""
 },
 {
   "category": "Dry Goods & Pasta",
   "subcategory": "Fresh Pasta",
   "name": "Artisola Organic Portobello Mushroom Raviolis",
   "price": "8.99",
   "description": "8 oz�",
   "image": "https://d2lnr5mha7bycj.cloudfront.net/product-image/file/large_844cb675-0e4d-4a04-a259-802e088d95a9.jpg",
   "Image 2": "",
   "Product Link": "https://www.instacart.com/store/items/31730910?source1=aisle&source2=2701&source3=2701&impressionId=b4fe42d8-fd7e-4dbb-bd08-bf6147d1b543",
   "FIELD9": ""
 },
 {
   "category": "Dry Goods & Pasta",
   "subcategory": "Fresh Pasta",
   "name": "Nona Lim Real Simple Deli Pad See Ew Noodles",
   "price": "5.99",
   "description": "14.8 oz�",
   "image": "https://d2lnr5mha7bycj.cloudfront.net/product-image/file/large_69d48348-f768-4c7a-9352-294d4636aed3.jpg",
   "Image 2": "",
   "Product Link": "https://www.instacart.com/store/items/4501618?source1=aisle&source2=2701&source3=2701&impressionId=88848baa-ed66-4806-b9a0-a7be595bcd2f",
   "FIELD9": ""
 },
 {
   "category": "Dry Goods & Pasta",
   "subcategory": "Fresh Pasta",
   "name": "Manini's Gluten Free Fettuccini Roasted Garlic",
   "price": "6.99",
   "description": "9 oz�",
   "image": "https://d2lnr5mha7bycj.cloudfront.net/product-image/file/large_73afb56d-e981-43c6-82cd-99b0ff1e1367.jpg",
   "Image 2": "",
   "Product Link": "https://www.instacart.com/store/items/4514343?source1=aisle&source2=2701&source3=2701&impressionId=89deeb90-f65b-4406-b980-ef665648443d",
   "FIELD9": ""
 },
 {
   "category": "Dry Goods & Pasta",
   "subcategory": "Fresh Pasta",
   "name": "Severino Homemade Pasta Potato & Cheddar Pierogi",
   "price": "6.99",
   "description": "14 oz�",
   "image": "https://d2lnr5mha7bycj.cloudfront.net/product-image/file/large_af9f0bbc-e236-4c23-a0d7-6c59f07babfd.jpg",
   "Image 2": "",
   "Product Link": "https://www.instacart.com/store/items/4500643?source1=aisle&source2=2701&source3=2701&impressionId=7c5a83a8-8833-467c-8eb0-e7c607afe405",
   "FIELD9": ""
 },
 {
   "category": "Dry Goods & Pasta",
   "subcategory": "Fresh Pasta",
   "name": "Cucina Fresca Pasta Tortellini Four Cheese",
   "price": "6.99",
   "description": "10 oz�",
   "image": "https://d2lnr5mha7bycj.cloudfront.net/product-image/file/large_f7b20caf-cea9-4599-9b66-7275d346e0bc.png",
   "Image 2": "",
   "Product Link": "https://www.instacart.com/store/items/4515449?source1=aisle&source2=2701&source3=2701&impressionId=1c359b4f-88d8-42dc-bede-faf0fce2b314",
   "FIELD9": ""
 },
 {
   "category": "Dry Goods & Pasta",
   "subcategory": "Fresh Pasta",
   "name": "Artisola Organic Red Beet & Spinach Ravioli",
   "price": "8.99",
   "description": "8 oz�",
   "image": "https://d2lnr5mha7bycj.cloudfront.net/product-image/file/large_6830b69f-cce0-4b0c-a6c1-3d22999d9131.jpg",
   "Image 2": "",
   "Product Link": "https://www.instacart.com/store/items/31403000?source1=aisle&source2=2701&source3=2701&impressionId=9191310b-c91e-4b76-adce-a44c8952359a",
   "FIELD9": ""
 },
 {
   "category": "Dry Goods & Pasta",
   "subcategory": "Fresh Pasta",
   "name": "Manini's Gluten Free Four Cheese Ravioli",
   "price": "7.99",
   "description": "9.5 oz�",
   "image": "https://d2lnr5mha7bycj.cloudfront.net/product-image/file/large_01372e59-343a-45dd-8560-e0be911c01f8.jpg",
   "Image 2": "",
   "Product Link": "https://www.instacart.com/store/items/25137793?source1=aisle&source2=2701&source3=2701&impressionId=d66d7308-1bf3-482d-8477-8ff7b12b2581",
   "FIELD9": ""
 },
 {
   "category": "Dry Goods & Pasta",
   "subcategory": "Fresh Pasta",
   "name": "Manini's Gluten Free Rigatoni",
   "price": "6.99",
   "description": "9 oz�",
   "image": "https://d2lnr5mha7bycj.cloudfront.net/product-image/file/large_dcbf24bd-49e9-4d09-94b7-13ccd2f0f58a.jpg",
   "Image 2": "",
   "Product Link": "https://www.instacart.com/store/items/4512758?source1=aisle&source2=2701&source3=2701&impressionId=ab09bd2f-756d-426c-a542-3dfe7f0f6742",
   "FIELD9": ""
 },
 {
   "category": "Dry Goods & Pasta",
   "subcategory": "Pasta Sauce",
   "name": "Muir Glen Organic Tomato Basil Pasta Sauce",
   "price": "4.39",
   "description": "25.5 oz�",
   "image": "https://d2lnr5mha7bycj.cloudfront.net/product-image/file/large_1d75fb78-6982-441e-9a0a-693a28f4d1e6.JPG",
   "Image 2": "",
   "Product Link": "https://www.instacart.com/store/items/4461519?source1=aisle&source2=554&source3=554&impressionId=c34bdeb1-f5e8-4ba3-81ab-63462b347791",
   "FIELD9": ""
 },
 {
   "category": "Dry Goods & Pasta",
   "subcategory": "Pasta Sauce",
   "name": "365 Organic Tomato Basil Pasta Sauce",
   "price": "2.99",
   "description": "25 oz�",
   "image": "https://d2lnr5mha7bycj.cloudfront.net/product-image/file/large_ad627a13-bdb1-49df-baf8-d5ab31b63d34.jpg",
   "Image 2": "",
   "Product Link": "https://www.instacart.com/store/items/15077791?source1=aisle&source2=554&source3=554&impressionId=28d2f1a3-7c64-47ff-afd8-357aed133f1f",
   "FIELD9": ""
 },
 {
   "category": "Dry Goods & Pasta",
   "subcategory": "Pasta Sauce",
   "name": "365 Marinara Pasta Sauce",
   "price": "1.99",
   "description": "25 oz�",
   "image": "https://d2lnr5mha7bycj.cloudfront.net/product-image/file/large_5688b2ef-cb91-459e-a45a-02c069c1e120.jpg",
   "Image 2": "",
   "Product Link": "https://www.instacart.com/store/items/15533977?source1=aisle&source2=554&source3=554&impressionId=471ac0d1-6c57-4455-838e-2b2807517404",
   "FIELD9": ""
 },
 {
   "category": "Dry Goods & Pasta",
   "subcategory": "Pasta Sauce",
   "name": "365 Basil Pesto",
   "price": "2.99",
   "description": "6.5 oz�",
   "image": "https://d2lnr5mha7bycj.cloudfront.net/product-image/file/large_e2960c46-17eb-4d0d-949f-d6e581972102.jpg",
   "Image 2": "",
   "Product Link": "https://www.instacart.com/store/items/4476590?source1=aisle&source2=554&source3=554&impressionId=5c62d8c9-58ff-4ed4-9ff6-b40f86192dcd",
   "FIELD9": ""
 },
 {
   "category": "Dry Goods & Pasta",
   "subcategory": "Pasta Sauce",
   "name": "365 Organic Marinara Pasta Sauce",
   "price": "2.99",
   "description": "25 oz�",
   "image": "https://d2lnr5mha7bycj.cloudfront.net/product-image/file/large_e6e6c6de-a618-4bb7-a6fd-90a98b3c50de.jpg",
   "Image 2": "",
   "Product Link": "https://www.instacart.com/store/items/14191016?source1=aisle&source2=554&source3=554&impressionId=72af259f-4f56-46f7-9f19-3bb2bf1f4dc4",
   "FIELD9": ""
 },
 {
   "category": "Dry Goods & Pasta",
   "subcategory": "Pasta Sauce",
   "name": "365 Organic Pizza Sauce",
   "price": "2.29",
   "description": "14 oz�",
   "image": "https://d2lnr5mha7bycj.cloudfront.net/product-image/file/large_9ac25a5d-f802-475f-ae8a-f3e20167f799.jpg",
   "Image 2": "",
   "Product Link": "https://www.instacart.com/store/items/16219326?source1=aisle&source2=554&source3=554&impressionId=def4dc2b-46e1-4e07-b69d-9bdd4c5265f2",
   "FIELD9": ""
 },
 {
   "category": "Dry Goods & Pasta",
   "subcategory": "Pasta Sauce",
   "name": "365 Organic Four Cheese Pasta Sauce",
   "price": "2.99",
   "description": "25 oz�",
   "image": "https://d2lnr5mha7bycj.cloudfront.net/product-image/file/large_b42e07fc-3e18-490b-948d-520328d5397b.jpg",
   "Image 2": "",
   "Product Link": "https://www.instacart.com/store/items/4476807?source1=aisle&source2=554&source3=554&impressionId=06c36a71-7898-4b29-b410-d01cf58c1b9c",
   "FIELD9": ""
 },
 {
   "category": "Dry Goods & Pasta",
   "subcategory": "Pasta Sauce",
   "name": "365 Tomato Paste",
   "price": "1.99",
   "description": "5.3 oz�",
   "image": "https://d2lnr5mha7bycj.cloudfront.net/product-image/file/large_2e841ead-7ac2-441a-a37b-e1811dd99507.jpg",
   "Image 2": "",
   "Product Link": "https://www.instacart.com/store/items/4476633?source1=aisle&source2=554&source3=554&impressionId=9d1ab305-64d6-49b4-a8be-d5a8ff1078ba",
   "FIELD9": ""
 },
 {
   "category": "Dry Goods & Pasta",
   "subcategory": "Pasta Sauce",
   "name": "Rao's Homemade Marinara Sauce",
   "price": "9.99",
   "description": "32.0 oz�",
   "image": "https://d2lnr5mha7bycj.cloudfront.net/product-image/file/large_b9d8b963-35ec-454d-bf60-8a6eb4ef9b97.jpg",
   "Image 2": "",
   "Product Link": "https://www.instacart.com/store/items/4535472?source1=aisle&source2=554&source3=554&impressionId=0711f388-e915-4074-ae47-36261e0e7636",
   "FIELD9": ""
 },
 {
   "category": "Dry Goods & Pasta",
   "subcategory": "Pasta Sauce",
   "name": "365 Roasted Garlic Pasta Sauce",
   "price": "1.99",
   "description": "25 oz�",
   "image": "https://d2lnr5mha7bycj.cloudfront.net/product-image/file/large_30962dc3-0ab5-49e4-9838-dfd082aef1d0.jpg",
   "Image 2": "",
   "Product Link": "https://www.instacart.com/store/items/17977341?source1=aisle&source2=554&source3=554&impressionId=a71a0691-0f46-46e4-9bec-196b9ac41add",
   "FIELD9": ""
 },
 {
   "category": "Dry Goods & Pasta",
   "subcategory": "Pasta Sauce",
   "name": "365 Organic Tomato Sauce",
   "price": "0.99",
   "description": "8 oz�",
   "image": "https://d2lnr5mha7bycj.cloudfront.net/product-image/file/large_ed09dec7-507d-44b3-82d2-04f66c64c70f.jpg",
   "Image 2": "",
   "Product Link": "https://www.instacart.com/store/items/18506901?source1=aisle&source2=554&source3=554&impressionId=7337595f-f204-4b31-bfd7-949148c57abd",
   "FIELD9": ""
 },
 {
   "category": "Dry Goods & Pasta",
   "subcategory": "Pasta Sauce",
   "name": "Rao's Homemade Hot Arrabbiata Fra Diavolo Sauce",
   "price": "7.99",
   "description": "24 oz�",
   "image": "https://d2lnr5mha7bycj.cloudfront.net/product-image/file/large_36b56470-1251-4613-82e7-e4922846d5c1.jpg",
   "Image 2": "",
   "Product Link": "https://www.instacart.com/store/items/4535438?source1=aisle&source2=554&source3=554&impressionId=45a4194f-9629-417e-8bd2-b1ca5204da8f",
   "FIELD9": ""
 },
 {
   "category": "Dry Goods & Pasta",
   "subcategory": "Pasta Sauce",
   "name": "365 Organic Italian Herb Pasta Sauce",
   "price": "2.99",
   "description": "25 oz��",
   "image": "https://d2lnr5mha7bycj.cloudfront.net/product-image/file/large_57be4cc3-f583-42b2-94a2-d672f72edd18.jpg",
   "Image 2": "",
   "Product Link": "https://www.instacart.com/store/items/25599725?source1=aisle&source2=554&source3=554&impressionId=c246d5c9-6abc-4c85-ae28-9abc397f4c2f",
   "FIELD9": ""
 },
 {
   "category": "Dry Goods & Pasta",
   "subcategory": "Pasta Sauce",
   "name": "365 Organic Cream Vodka Pasta Sauce",
   "price": "2.99",
   "description": "25 oz�",
   "image": "https://d2lnr5mha7bycj.cloudfront.net/product-image/file/large_2d0adb8b-195e-455c-a394-a3267312edd0.jpg",
   "Image 2": "",
   "Product Link": "https://www.instacart.com/store/items/17766042?source1=aisle&source2=554&source3=554&impressionId=c5decef1-0161-4cd6-974f-5f17ab0d4e23",
   "FIELD9": ""
 },
 {
   "category": "Dry Goods & Pasta",
   "subcategory": "Pasta Sauce",
   "name": "Cucina Antica Tomato Basil Cooking Sauce",
   "price": "7.99",
   "description": "25 oz�",
   "image": "https://d2lnr5mha7bycj.cloudfront.net/product-image/file/large_7cf26803-0ee0-41a0-a696-5d9fa119b4b6.jpg",
   "Image 2": "",
   "Product Link": "https://www.instacart.com/store/items/4477380?source1=aisle&source2=554&source3=554&impressionId=1fe843b1-b5e9-4ab8-91b3-1aca0385192f",
   "FIELD9": ""
 },
 {
   "category": "Dry Goods & Pasta",
   "subcategory": "Pasta Sauce",
   "name": "365 Organic Portobello Mushroom Pasta Sauce",
   "price": "2.99",
   "description": "25 oz�",
   "image": "https://d2lnr5mha7bycj.cloudfront.net/product-image/file/large_2baed076-4f53-4e95-b357-1be91f566939.jpg",
   "Image 2": "",
   "Product Link": "https://www.instacart.com/store/items/14190976?source1=aisle&source2=554&source3=554&impressionId=7999b370-5663-413d-89d2-77f3a49f3ca5",
   "FIELD9": ""
 },
 {
   "category": "Dry Goods & Pasta",
   "subcategory": "Pasta Sauce",
   "name": "San Marzano Marinara Sauce",
   "price": "7.97",
   "description": "26 oz�",
   "image": "https://d2lnr5mha7bycj.cloudfront.net/product-image/file/large_2fb05a05-cec2-47ee-8dc1-ff5b408c6b49.jpg",
   "Image 2": "",
   "Product Link": "https://www.instacart.com/store/items/4479061?source1=aisle&source2=554&source3=554&impressionId=fa7820fa-4338-4db8-bc41-0a175811f88e",
   "FIELD9": ""
 },
 {
   "category": "Dry Goods & Pasta",
   "subcategory": "Pasta Sauce",
   "name": "Muir Glen Organic Pizza Sauce",
   "price": "2.49",
   "description": "15 oz�",
   "image": "https://d2lnr5mha7bycj.cloudfront.net/product-image/file/large_2a3445ad-8f57-47f2-872a-9f0eca356290.jpg",
   "Image 2": "",
   "Product Link": "https://www.instacart.com/store/items/4462068?source1=aisle&source2=554&source3=554&impressionId=c54b16f8-d75d-4046-80b1-d2398e8588bd",
   "FIELD9": ""
 },
 {
   "category": "Dry Goods & Pasta",
   "subcategory": "Instant Foods",
   "name": "Annie's Homegrown Organic Shells & Real Aged Cheddar Macaroni & Cheese",
   "price": "2.99",
   "description": "6 oz�",
   "image": "https://d2lnr5mha7bycj.cloudfront.net/product-image/file/large_e6fa8844-650f-46db-b504-4b2734455051.jpg",
   "Image 2": "",
   "Product Link": "https://www.instacart.com/store/items/4486886?source1=aisle&source2=547&source3=547&impressionId=0dc65d0a-cb6c-4d29-8185-c1a19787d806",
   "FIELD9": ""
 },
 {
   "category": "Dry Goods & Pasta",
   "subcategory": "Instant Foods",
   "name": "Annie's Homegrown Shells & White Cheddar Macaroni & Cheese",
   "price": "2.19",
   "description": "6 oz�",
   "image": "https://d2lnr5mha7bycj.cloudfront.net/product-image/file/large_4c1c5b1c-c499-4d7e-acd7-074fd241fdf1.jpg",
   "Image 2": "",
   "Product Link": "https://www.instacart.com/store/items/18977987?source1=aisle&source2=547&source3=547&impressionId=f87cf6cf-bce4-43d3-b462-cf5ee2c5a750",
   "FIELD9": ""
 },
 {
   "category": "Dry Goods & Pasta",
   "subcategory": "Instant Foods",
   "name": "Annie's Homegrown Shells & Real Aged Cheddar Macaroni & Cheese",
   "price": "2.19",
   "description": "6 oz�",
   "image": "https://d2lnr5mha7bycj.cloudfront.net/product-image/file/large_fd4e9c56-281e-45fd-b8fd-0a45db69f9ce.jpg",
   "Image 2": "",
   "Product Link": "https://www.instacart.com/store/items/4487306?source1=aisle&source2=547&source3=547&impressionId=8c71d71e-f7f6-4a9f-adde-60938491e046",
   "FIELD9": ""
 },
 {
   "category": "Dry Goods & Pasta",
   "subcategory": "Instant Foods",
   "name": "Near East Original Pilaf Rice Mix",
   "price": "2.69",
   "description": "6.09 oz�",
   "image": "https://d2lnr5mha7bycj.cloudfront.net/product-image/file/large_3f3419cd-f3ef-4505-abf8-a735eb136bee.jpg",
   "Image 2": "",
   "Product Link": "https://www.instacart.com/store/items/4472495?source1=aisle&source2=547&source3=547&impressionId=82f1542a-ec3d-476b-a0cc-a1e7eb709111",
   "FIELD9": ""
 },
 {
   "category": "Dry Goods & Pasta",
   "subcategory": "Instant Foods",
   "name": "Annie's Homegrown Organic Shells & White Cheddar Macaroni & Cheese",
   "price": "2.99",
   "description": "6 oz�",
   "image": "https://d2lnr5mha7bycj.cloudfront.net/product-image/file/large_44e4c2cc-b551-47a9-b455-4af412b26ad1.jpg",
   "Image 2": "",
   "Product Link": "https://www.instacart.com/store/items/4487665?source1=aisle&source2=547&source3=547&impressionId=f408b021-eab8-44ac-a8c8-dfa48616b8cb",
   "FIELD9": ""
 },
 {
   "category": "Dry Goods & Pasta",
   "subcategory": "Instant Foods",
   "name": "Annie's Homegrown Bunny Pasta with Yummy Cheese Macaroni & Cheese",
   "price": "2.19",
   "description": "6 oz�",
   "image": "https://d2lnr5mha7bycj.cloudfront.net/product-image/file/large_ae66c00d-f816-4c31-a416-d18fe131620f.jpg",
   "Image 2": "",
   "Product Link": "https://www.instacart.com/store/items/4487832?source1=aisle&source2=547&source3=547&impressionId=2d600676-8421-4b99-9045-b2b7442a3523",
   "FIELD9": ""
 },
 {
   "category": "Dry Goods & Pasta",
   "subcategory": "Instant Foods",
   "name": "Near East Roasted Garlic & Olive Oil Couscous Mix",
   "price": "2.69",
   "description": "5.8 oz�",
   "image": "https://d2lnr5mha7bycj.cloudfront.net/product-image/file/large_c7d9b545-00e6-465a-97d8-c9fe2154ecd7.JPG",
   "Image 2": "",
   "Product Link": "https://www.instacart.com/store/items/4471037?source1=aisle&source2=547&source3=547&impressionId=498ac4d7-79ee-4427-95a4-e738d3085b94",
   "FIELD9": ""
 },
 {
   "category": "Dry Goods & Pasta",
   "subcategory": "Instant Foods",
   "name": "365 Organic Garlic & Olive Oil Pearled Couscous",
   "price": "2.99",
   "description": "5.8 oz�",
   "image": "https://d2lnr5mha7bycj.cloudfront.net/product-image/file/large_0bf8696e-93f4-409d-bb31-a5f208ed2bae.jpg",
   "Image 2": "",
   "Product Link": "https://www.instacart.com/store/items/4532034?source1=aisle&source2=547&source3=547&impressionId=bb9b926d-63ef-4d35-94a2-b79dbc84c2fe",
   "FIELD9": ""
 },
 {
   "category": "Dry Goods & Pasta",
   "subcategory": "Instant Foods",
   "name": "Annie's Homegrown Shells & Real Aged Cheddar Sauce Mac & Cheese Creamy Deluxe Mac & Cheese",
   "price": "3.99",
   "description": "11 oz�",
   "image": "https://d2lnr5mha7bycj.cloudfront.net/product-image/file/large_fed292e5-cbc4-4648-b22e-e30e76953335.jpg",
   "Image 2": "",
   "Product Link": "https://www.instacart.com/store/items/4486789?source1=aisle&source2=547&source3=547&impressionId=bd018fdf-aa38-4b5a-adf5-18d6d78c53c8",
   "FIELD9": ""
 },
 {
   "category": "Dry Goods & Pasta",
   "subcategory": "Instant Foods",
   "name": "Near East Rosemary & Olive Oil Quinoa Blend",
   "price": "2.99",
   "description": "4.9 oz�",
   "image": "https://d2lnr5mha7bycj.cloudfront.net/product-image/file/large_7d272bd9-5648-41c3-bde6-b74ffb553b6e.jpg",
   "Image 2": "",
   "Product Link": "https://www.instacart.com/store/items/4538613?source1=aisle&source2=547&source3=547&impressionId=8499a652-2d25-4d39-95da-2cc5f24b757b",
   "FIELD9": ""
 },
 {
   "category": "Dry Goods & Pasta",
   "subcategory": "Instant Foods",
   "name": "Near East Spanish Pilaf Rice Mix",
   "price": "2.69",
   "description": "6.75 oz�",
   "image": "https://d2lnr5mha7bycj.cloudfront.net/product-image/file/large_8975f1e0-4084-4925-a5f6-384cae5d5746.jpg",
   "Image 2": "",
   "Product Link": "https://www.instacart.com/store/items/4473044?source1=aisle&source2=547&source3=547&impressionId=dabbfe6b-899b-4f29-a489-98d5897e716b",
   "FIELD9": ""
 },
 {
   "category": "Dry Goods & Pasta",
   "subcategory": "Instant Foods",
   "name": "365 Macaroni And Cheese",
   "price": "1.19",
   "description": "7.25 oz�",
   "image": "https://d2lnr5mha7bycj.cloudfront.net/product-image/file/large_34596e9e-c9ce-41ca-b032-6948fe1f79f6.jpg",
   "Image 2": "",
   "Product Link": "https://www.instacart.com/store/items/4518258?source1=aisle&source2=547&source3=547&impressionId=451bf650-a629-4734-9f75-076c4cb77411",
   "FIELD9": ""
 },
 {
   "category": "Dry Goods & Pasta",
   "subcategory": "Instant Foods",
   "name": "Annie's Homegrown Gluten Free Rice Pasta & Cheddar Mac & Cheese Macaroni & Cheese Gluten Free",
   "price": "2.99",
   "description": "6 oz�",
   "image": "https://d2lnr5mha7bycj.cloudfront.net/product-image/file/large_0383e28e-d06d-444e-b5ec-2ce44cb29c05.jpg",
   "Image 2": "",
   "Product Link": "https://www.instacart.com/store/items/4485889?source1=aisle&source2=547&source3=547&impressionId=896d0afe-010f-4615-a939-28a98ffcef6e",
   "FIELD9": ""
 },
 {
   "category": "Dry Goods & Pasta",
   "subcategory": "Instant Foods",
   "name": "Near East Parmesan Couscous Mix",
   "price": "2.69",
   "description": "5.9 oz�",
   "image": "https://d2lnr5mha7bycj.cloudfront.net/product-image/file/large_e5411afa-e02f-4b57-a6d9-186da47fc263.jpg",
   "Image 2": "",
   "Product Link": "https://www.instacart.com/store/items/4470737?source1=aisle&source2=547&source3=547&impressionId=ca34d006-0bd7-49a1-a201-8ecc729682ae",
   "FIELD9": ""
 },
 {
   "category": "Dry Goods & Pasta",
   "subcategory": "Instant Foods",
   "name": "Annie's Homegrown Organic Bernie's Farm Macaroni & Cheese",
   "price": "2.99",
   "description": "6 oz�",
   "image": "https://d2lnr5mha7bycj.cloudfront.net/product-image/file/large_a7ead3fa-9bed-4d4d-a748-8754017684f2.jpg",
   "Image 2": "",
   "Product Link": "https://www.instacart.com/store/items/4536075?source1=aisle&source2=547&source3=547&impressionId=2e94a782-3a42-4be5-949d-3b1eb6b18366",
   "FIELD9": ""
 },
 {
   "category": "Dry Goods & Pasta",
   "subcategory": "Instant Foods",
   "name": "Annie's Homegrown Organic Whole Wheat Shells & White Cheddar Macaroni & Cheese",
   "price": "2.99",
   "description": "6 oz�",
   "image": "https://d2lnr5mha7bycj.cloudfront.net/product-image/file/large_826519e6-6e1b-4fb2-9507-7e521dde135e.jpg",
   "Image 2": "",
   "Product Link": "https://www.instacart.com/store/items/4488139?source1=aisle&source2=547&source3=547&impressionId=50a245ed-b425-487f-a992-8e88b5336b08",
   "FIELD9": ""
 },
 {
   "category": "Dry Goods & Pasta",
   "subcategory": "Instant Foods",
   "name": "Annie's Homegrown Classic Mild Cheddar Macaroni & Cheese",
   "price": "2.99",
   "description": "6 oz�",
   "image": "https://d2lnr5mha7bycj.cloudfront.net/product-image/file/large_c2400d64-3f96-45e5-9f18-4576f66650a5.jpg",
   "Image 2": "",
   "Product Link": "https://www.instacart.com/store/items/18632563?source1=aisle&source2=547&source3=547&impressionId=1eda2d87-d932-4f74-a5f3-9a20a922d0b0",
   "FIELD9": ""
 },
 {
   "category": "Dry Goods & Pasta",
   "subcategory": "Instant Foods",
   "name": "Annie's Homegrown Elbows & Four Cheese Sauce Mac & Cheese Creamy Deluxe Mac & Cheese",
   "price": "3.99",
   "description": "10 oz�",
   "image": "https://d2lnr5mha7bycj.cloudfront.net/product-image/file/large_410fa492-f678-403e-95e6-711fd97f0374.jpg",
   "Image 2": "",
   "Product Link": "https://www.instacart.com/store/items/4486608?source1=aisle&source2=547&source3=547&impressionId=581a75a5-693a-450a-b43d-1b4a411f9264",
   "FIELD9": ""
 },
 {
   "category": "Dry Goods & Pasta",
   "subcategory": "Instant Foods",
   "name": "Annie's Homegrown Organic Grass Fed Classic Mild Cheddar Macaroni and Cheese Grass Fed",
   "price": "3.29",
   "description": "6 oz�",
   "image": "https://d2lnr5mha7bycj.cloudfront.net/product-image/file/large_902cf7bb-6172-45e3-8a9f-6bfa3681958d.jpg",
   "Image 2": "",
   "Product Link": "https://www.instacart.com/store/items/11155512?source1=aisle&source2=547&source3=547&impressionId=7b34566d-0df7-42f4-b065-605dc705188a",
   "FIELD9": ""
 },
 {
   "category": "Dry Goods & Pasta",
   "subcategory": "Instant Foods",
   "name": "365 Organic Extra Wide Egg Noodles",
   "price": "2.49",
   "description": "16 oz�",
   "image": "https://d2lnr5mha7bycj.cloudfront.net/product-image/file/large_047f529b-4c95-46b1-b5a5-d35e7ae1231e.jpg",
   "Image 2": "",
   "Product Link": "https://www.instacart.com/store/items/44767097?source1=aisle&source2=547&source3=547&impressionId=904780ac-62bf-483c-b67f-58d42f840a0b",
   "FIELD9": ""
 },
 {
   "category": "Dry Goods & Pasta",
   "subcategory": "Grains, Rice & Dried Goods",
   "name": "Near East Original Pilaf Rice Mix",
   "price": "2.69",
   "description": "6.09 oz�",
   "image": "https://d2lnr5mha7bycj.cloudfront.net/product-image/file/large_3f3419cd-f3ef-4505-abf8-a735eb136bee.jpg",
   "Image 2": "",
   "Product Link": "https://www.instacart.com/store/items/4472495?source1=aisle&source2=546&source3=546&impressionId=a507a739-d10d-444e-b37a-0e397045bf16",
   "FIELD9": ""
 },
 {
   "category": "Dry Goods & Pasta",
   "subcategory": "Grains, Rice & Dried Goods",
   "name": "Near East Rosemary & Olive Oil Quinoa Blend",
   "price": "2.99",
   "description": "4.9 oz�",
   "image": "https://d2lnr5mha7bycj.cloudfront.net/product-image/file/large_7d272bd9-5648-41c3-bde6-b74ffb553b6e.jpg",
   "Image 2": "",
   "Product Link": "https://www.instacart.com/store/items/4538613?source1=aisle&source2=546&source3=546&impressionId=72e48320-197d-4fe9-97b1-02f68b4cea18",
   "FIELD9": ""
 },
 {
   "category": "Dry Goods & Pasta",
   "subcategory": "Grains, Rice & Dried Goods",
   "name": "Near East Original Plain Couscous Mix",
   "price": "2.69",
   "description": "10 oz�",
   "image": "https://d2lnr5mha7bycj.cloudfront.net/product-image/file/large_16c2911f-134b-43f4-a244-e27d3ad9a486.jpg",
   "Image 2": "",
   "Product Link": "https://www.instacart.com/store/items/4472835?source1=aisle&source2=546&source3=546&impressionId=fdc14dd1-cfdc-4320-91ca-ea63cf12a51b",
   "FIELD9": ""
 },
 {
   "category": "Dry Goods & Pasta",
   "subcategory": "Grains, Rice & Dried Goods",
   "name": "365 Organic White Quinoa",
   "price": "5.99",
   "description": "16 oz�",
   "image": "https://d2lnr5mha7bycj.cloudfront.net/product-image/file/large_aa46e149-6410-48fc-957b-df860f5b061d.jpg",
   "Image 2": "",
   "Product Link": "https://www.instacart.com/store/items/4487262?source1=aisle&source2=546&source3=546&impressionId=274b8005-e531-4347-afce-2651d43c933c",
   "FIELD9": ""
 },
 {
   "category": "Dry Goods & Pasta",
   "subcategory": "Grains, Rice & Dried Goods",
   "name": "365 Organic Green Lentils",
   "price": "2.99",
   "description": "16 oz�",
   "image": "https://d2lnr5mha7bycj.cloudfront.net/product-image/file/large_2871c0b2-aeb7-489a-8844-2daa119e57c0.jpg",
   "Image 2": "",
   "Product Link": "https://www.instacart.com/store/items/4487366?source1=aisle&source2=546&source3=546&impressionId=0dfbd48c-ae9f-4646-bfd4-8542d32c5af1",
   "FIELD9": ""
 },
 {
   "category": "Dry Goods & Pasta",
   "subcategory": "Grains, Rice & Dried Goods",
   "name": "365 Organic Long Grain White Rice",
   "price": "3.99",
   "description": "32 oz�",
   "image": "https://d2lnr5mha7bycj.cloudfront.net/product-image/file/large_964b56cf-de0e-4514-9deb-8e49996b73b7.jpg",
   "Image 2": "",
   "Product Link": "https://www.instacart.com/store/items/8468044?source1=aisle&source2=546&source3=546&impressionId=03120f04-dd5c-466a-b729-617d517bb23e",
   "FIELD9": ""
 },
 {
   "category": "Dry Goods & Pasta",
   "subcategory": "Grains, Rice & Dried Goods",
   "name": "365 Organic Red Lentils",
   "price": "2.99",
   "description": "16 oz�",
   "image": "https://d2lnr5mha7bycj.cloudfront.net/product-image/file/large_374249ca-cbda-4ce7-960b-e49ed41edcfe.jpg",
   "Image 2": "",
   "Product Link": "https://www.instacart.com/store/items/4533193?source1=aisle&source2=546&source3=546&impressionId=830c4640-a204-405d-b010-e086b9dc978b",
   "FIELD9": ""
 },
 {
   "category": "Dry Goods & Pasta",
   "subcategory": "Grains, Rice & Dried Goods",
   "name": "365 Organic White Quinoa",
   "price": "4.99",
   "description": "12 oz�",
   "image": "https://d2lnr5mha7bycj.cloudfront.net/product-image/file/large_ce95df46-bedd-4dd5-ad69-c9f3b464d21a.jpg",
   "Image 2": "",
   "Product Link": "https://www.instacart.com/store/items/27597247?source1=aisle&source2=546&source3=546&impressionId=4ef44d14-d0ff-4322-909b-5984dc16d24d",
   "FIELD9": ""
 },
 {
   "category": "Dry Goods & Pasta",
   "subcategory": "Grains, Rice & Dried Goods",
   "name": "365 Organic Dry Black Beans",
   "price": "2.99",
   "description": "16 oz�",
   "image": "https://d2lnr5mha7bycj.cloudfront.net/product-image/file/large_1762b8cc-a735-4af1-af78-06c9b28e0428.jpg",
   "Image 2": "",
   "Product Link": "https://www.instacart.com/store/items/4487314?source1=aisle&source2=546&source3=546&impressionId=9e488101-dd88-4a03-a483-57d60bebfffb",
   "FIELD9": ""
 },
 {
   "category": "Dry Goods & Pasta",
   "subcategory": "Grains, Rice & Dried Goods",
   "name": "365 Organic Thai Jasmine White Rice",
   "price": "4.99",
   "description": "2 lb�",
   "image": "https://d2lnr5mha7bycj.cloudfront.net/product-image/file/large_cf5da177-12ad-4987-bc31-f277b08569e6.jpg",
   "Image 2": "",
   "Product Link": "https://www.instacart.com/store/items/8534730?source1=aisle&source2=546&source3=546&impressionId=f21e9a7e-e778-471d-9390-7cd81eab530f",
   "FIELD9": ""
 },
 {
   "category": "Dry Goods & Pasta",
   "subcategory": "Grains, Rice & Dried Goods",
   "name": "365 Organic Short Grain Brown Rice",
   "price": "4.99",
   "description": "32 oz�",
   "image": "https://d2lnr5mha7bycj.cloudfront.net/product-image/file/large_bb93414b-8e06-442d-ac19-01501c7da18d.jpg",
   "Image 2": "",
   "Product Link": "https://www.instacart.com/store/items/4500240?source1=aisle&source2=546&source3=546&impressionId=cb0d7452-e037-4710-a0c9-fc1b9aadf60d",
   "FIELD9": ""
 },
 {
   "category": "Dry Goods & Pasta",
   "subcategory": "Grains, Rice & Dried Goods",
   "name": "365 Organic White Basmati Rice",
   "price": "4.99",
   "description": "32 oz�",
   "image": "https://d2lnr5mha7bycj.cloudfront.net/product-image/file/large_e0545282-abae-4050-930a-9928deac739f.jpg",
   "Image 2": "",
   "Product Link": "https://www.instacart.com/store/items/4500129?source1=aisle&source2=546&source3=546&impressionId=704a8c6f-783b-4145-8cdc-796df8cbb469",
   "FIELD9": ""
 },
 {
   "category": "Dry Goods & Pasta",
   "subcategory": "Grains, Rice & Dried Goods",
   "name": "365 Indian Basmati White Rice",
   "price": "3.69",
   "description": "2 lb�",
   "image": "https://d2lnr5mha7bycj.cloudfront.net/product-image/file/large_2a24449a-d21f-4716-b18a-29ee126cf187.jpg",
   "Image 2": "",
   "Product Link": "https://www.instacart.com/store/items/4512409?source1=aisle&source2=546&source3=546&impressionId=7cc5b349-8790-4e85-8123-e35fa3ede99d",
   "FIELD9": ""
 },
 {
   "category": "Dry Goods & Pasta",
   "subcategory": "Grains, Rice & Dried Goods",
   "name": "Seeds of Change Quiona & Brown Rice with Garlic",
   "price": "3.69",
   "description": "8.5 oz�",
   "image": "https://d2lnr5mha7bycj.cloudfront.net/product-image/file/large_5cadc3d9-c2a4-4b8a-a2f3-9d1009844e56.jpg",
   "Image 2": "",
   "Product Link": "https://www.instacart.com/store/items/4526604?source1=aisle&source2=546&source3=546&impressionId=bec39b00-f642-4575-9175-78e5976c8c2a",
   "FIELD9": ""
 },
 {
   "category": "Dry Goods & Pasta",
   "subcategory": "Grains, Rice & Dried Goods",
   "name": "365 Arborio White Rice",
   "price": "2.99",
   "description": "16 oz�",
   "image": "https://d2lnr5mha7bycj.cloudfront.net/product-image/file/large_eb73dc60-c4d2-459b-92f3-b3f26ad6d939.jpg",
   "Image 2": "",
   "Product Link": "https://www.instacart.com/store/items/4512126?source1=aisle&source2=546&source3=546&impressionId=4cb538a0-b9ca-4aee-bb8b-7f08c0da87e8",
   "FIELD9": ""
 },
 {
   "category": "Dry Goods & Pasta",
   "subcategory": "Grains, Rice & Dried Goods",
   "name": "365 Organic Long Grain Brown Rice",
   "price": "3.99",
   "description": "32 oz�",
   "image": "https://d2lnr5mha7bycj.cloudfront.net/product-image/file/large_93ce0d6a-c9e2-4404-bf12-bfb26fb3faec.jpg",
   "Image 2": "",
   "Product Link": "https://www.instacart.com/store/items/4512479?source1=aisle&source2=546&source3=546&impressionId=8a92ec95-00a4-4155-837f-080afa12fe16",
   "FIELD9": ""
 },
 {
   "category": "Dry Goods & Pasta",
   "subcategory": "Grains, Rice & Dried Goods",
   "name": "365 Organic Garlic & Olive Oil Pearled Couscous",
   "price": "2.99",
   "description": "5.8 oz�",
   "image": "https://d2lnr5mha7bycj.cloudfront.net/product-image/file/large_0bf8696e-93f4-409d-bb31-a5f208ed2bae.jpg",
   "Image 2": "",
   "Product Link": "https://www.instacart.com/store/items/4532034?source1=aisle&source2=546&source3=546&impressionId=022840a7-c3b8-441f-99b0-afdb4b852a3a",
   "FIELD9": ""
 },
 {
   "category": "Dry Goods & Pasta",
   "subcategory": "Grains, Rice & Dried Goods",
   "name": "365 Short Grain White Sushi Rice",
   "price": "2.98",
   "description": "16 oz�",
   "image": "https://d2lnr5mha7bycj.cloudfront.net/product-image/file/large_d4072fa8-9499-44b6-9860-73170855f2cb.jpg",
   "Image 2": "",
   "Product Link": "https://www.instacart.com/store/items/4512105?source1=aisle&source2=546&source3=546&impressionId=f258a59c-c16e-4516-9dc8-0dcb9acce4b1",
   "FIELD9": ""
 },
 {
   "category": "Dry Goods & Pasta",
   "subcategory": "Grains, Rice & Dried Goods",
   "name": "Organic Rolled Oats",
   "price": "1.89",
   "description": "lb",
   "image": "https://d2lnr5mha7bycj.cloudfront.net/product-image/file/large_cdd694da-d48c-4f05-ab25-5d21d2198cc6.jpg",
   "Image 2": "",
   "Product Link": "https://www.instacart.com/store/items/22036657?source1=aisle&source2=546&source3=546&impressionId=6ca937f2-ff72-444d-a170-5d7042b59348",
   "FIELD9": ""
 },
 {
   "category": "Dry Goods & Pasta",
   "subcategory": "Grains, Rice & Dried Goods",
   "name": "365 Organic Brown Indian Basmati Rice",
   "price": "4.99",
   "description": "32 oz�",
   "image": "https://d2lnr5mha7bycj.cloudfront.net/product-image/file/large_252a4bbf-3493-4d38-bda8-8c6ac682bec1.jpg",
   "Image 2": "",
   "Product Link": "https://www.instacart.com/store/items/4500870?source1=aisle&source2=546&source3=546&impressionId=f0a164b0-19d4-4586-9207-f06d9d628bc9",
   "FIELD9": ""
 },
 {
   "category": "Dry Goods & Pasta",
   "subcategory": "Coupons",
   "name": "Near East Original Pilaf Rice Mix",
   "price": "2.44",
   "description": "6.09 oz�",
   "image": "https://d2lnr5mha7bycj.cloudfront.net/product-image/file/large_3f3419cd-f3ef-4505-abf8-a735eb136bee.jpg",
   "Image 2": "",
   "Product Link": "https://www.instacart.com/store/items/4472495?source1=aisle&source2=3000097&source3=3000097&impressionId=fa07eaac-de97-43b1-93bd-000b3fa33b54",
   "FIELD9": ""
 },
 {
   "category": "Dry Goods & Pasta",
   "subcategory": "Coupons",
   "name": "Near East Roasted Garlic & Olive Oil Couscous Mix",
   "price": "2.44",
   "description": "5.8 oz�",
   "image": "https://d2lnr5mha7bycj.cloudfront.net/product-image/file/large_c7d9b545-00e6-465a-97d8-c9fe2154ecd7.JPG",
   "Image 2": "",
   "Product Link": "https://www.instacart.com/store/items/4471037?source1=aisle&source2=3000097&source3=3000097&impressionId=a38e4c13-4aab-4773-809a-39339b421e76",
   "FIELD9": ""
 },
 {
   "category": "Dry Goods & Pasta",
   "subcategory": "Coupons",
   "name": "Near East Rosemary & Olive Oil Quinoa Blend",
   "price": "2.74",
   "description": "4.9 oz�",
   "image": "https://d2lnr5mha7bycj.cloudfront.net/product-image/file/large_7d272bd9-5648-41c3-bde6-b74ffb553b6e.jpg",
   "Image 2": "",
   "Product Link": "https://www.instacart.com/store/items/4538613?source1=aisle&source2=3000097&source3=3000097&impressionId=7fc2d5a4-49ec-416c-8c79-7736f7bacd43",
   "FIELD9": ""
 },
 {
   "category": "Dry Goods & Pasta",
   "subcategory": "Coupons",
   "name": "Near East Spanish Pilaf Rice Mix",
   "price": "2.44",
   "description": "6.75 oz�",
   "image": "https://d2lnr5mha7bycj.cloudfront.net/product-image/file/large_8975f1e0-4084-4925-a5f6-384cae5d5746.jpg",
   "Image 2": "",
   "Product Link": "https://www.instacart.com/store/items/4473044?source1=aisle&source2=3000097&source3=3000097&impressionId=b2a5d364-0b1a-4bf9-9924-d945b3ca3c26",
   "FIELD9": ""
 },
 {
   "category": "Dry Goods & Pasta",
   "subcategory": "Coupons",
   "name": "Near East Parmesan Couscous Mix",
   "price": "2.44",
   "description": "5.9 oz�",
   "image": "https://d2lnr5mha7bycj.cloudfront.net/product-image/file/large_e5411afa-e02f-4b57-a6d9-186da47fc263.jpg",
   "Image 2": "",
   "Product Link": "https://www.instacart.com/store/items/4470737?source1=aisle&source2=3000097&source3=3000097&impressionId=c553711a-5849-4438-b009-b46775109c1f",
   "FIELD9": ""
 },
 {
   "category": "Dry Goods & Pasta",
   "subcategory": "Coupons",
   "name": "Near East Couscous Toasted Pine Nut Rice Mix",
   "price": "2.44",
   "description": "5.6 oz�",
   "image": "https://d2lnr5mha7bycj.cloudfront.net/product-image/file/large_9cc702b0-3118-4b90-abda-8bc306e932b4.jpg",
   "Image 2": "",
   "Product Link": "https://www.instacart.com/store/items/4470398?source1=aisle&source2=3000097&source3=3000097&impressionId=29f74339-60bf-4dc4-b4e7-74a325168ff9",
   "FIELD9": ""
 },
 {
   "category": "Dry Goods & Pasta",
   "subcategory": "Coupons",
   "name": "Near East Original Plain Couscous Mix",
   "price": "2.44",
   "description": "10 oz�",
   "image": "https://d2lnr5mha7bycj.cloudfront.net/product-image/file/large_16c2911f-134b-43f4-a244-e27d3ad9a486.jpg",
   "Image 2": "",
   "Product Link": "https://www.instacart.com/store/items/4472835?source1=aisle&source2=3000097&source3=3000097&impressionId=45cd5013-e704-4da3-8fab-f02280a6192b",
   "FIELD9": ""
 },
 {
   "category": "Dry Goods & Pasta",
   "subcategory": "Coupons",
   "name": "Near East Roasted Red Pepper & Basil Rice Mix",
   "price": "2.74",
   "description": "4.9 oz�",
   "image": "https://d2lnr5mha7bycj.cloudfront.net/product-image/file/large_e786627b-2d71-4bb2-9284-978c9d5dbaef.jpg",
   "Image 2": "",
   "Product Link": "https://www.instacart.com/store/items/4538710?source1=aisle&source2=3000097&source3=3000097&impressionId=95da62a1-a75c-4ced-b9de-975677f4c7a5",
   "FIELD9": ""
 },
 {
   "category": "Dry Goods & Pasta",
   "subcategory": "Coupons",
   "name": "Near East Roasted Red Pepper & Basil Rice Mix",
   "price": "2.74",
   "description": "4.9 oz�",
   "image": "https://d2lnr5mha7bycj.cloudfront.net/product-image/file/large_e786627b-2d71-4bb2-9284-978c9d5dbaef.jpg",
   "Image 2": "",
   "Product Link": "https://www.instacart.com/store/items/4538710?source1=aisle&source2=3000097&source3=3000097&impressionId=95da62a1-a75c-4ced-b9de-975677f4c7a5",
   "FIELD9": ""
 },
 {
   "category": "Dry Goods & Pasta",
   "subcategory": "Coupons",
   "name": "Near East Roasted Garlic & Olive Oil Pearled Couscous Mix",
   "price": "2.74",
   "description": "4.7 oz�",
   "image": "https://d2lnr5mha7bycj.cloudfront.net/product-image/file/large_291424b0-7669-41e3-aa47-f80c9e983c96.JPG",
   "Image 2": "",
   "Product Link": "https://www.instacart.com/store/items/4521875?source1=aisle&source2=3000097&source3=3000097&impressionId=39be31d0-4eb4-4a7f-9f49-2200c810f621",
   "FIELD9": ""
 },
 {
   "category": "Dry Goods & Pasta",
   "subcategory": "Coupons",
   "name": "Near East Garlic & Herb Pilaf Rice Mix",
   "price": "2.44",
   "description": "6.3 oz�",
   "image": "https://d2lnr5mha7bycj.cloudfront.net/product-image/file/large_2922e50b-1207-41bb-a263-36cba137d2a9.JPG",
   "Image 2": "",
   "Product Link": "https://www.instacart.com/store/items/4470074?source1=aisle&source2=3000097&source3=3000097&impressionId=0830c771-e6b6-4063-9ce9-8999eeaefcab",
   "FIELD9": ""
 },
 {
   "category": "Dry Goods & Pasta",
   "subcategory": "Coupons",
   "name": "Near East Original Long Grain & Wild Rice Rice Mix",
   "price": "2.74",
   "description": "6 oz�",
   "image": "https://d2lnr5mha7bycj.cloudfront.net/product-image/file/large_a3891a88-19e1-4aa9-b1ac-19f895dbb9eb.jpg",
   "Image 2": "",
   "Product Link": "https://www.instacart.com/store/items/4471987?source1=aisle&source2=3000097&source3=3000097&impressionId=ba0b03a1-b24b-4899-9a31-98f517ed9425",
   "FIELD9": ""
 },
 {
   "category": "Dry Goods & Pasta",
   "subcategory": "Coupons",
   "name": "Near East Pearled Basil & Herb Couscous Mix",
   "price": "2.74",
   "description": "5 oz�",
   "image": "https://d2lnr5mha7bycj.cloudfront.net/product-image/file/large_66ddaf73-08a0-47d4-b96e-f294a7e08f0c.jpg",
   "Image 2": "",
   "Product Link": "https://www.instacart.com/store/items/31673647?source1=aisle&source2=3000097&source3=3000097&impressionId=1e6234cb-18e6-457d-8aed-24e45b1c24d3",
   "FIELD9": ""
 },
 {
   "category": "Dry Goods & Pasta",
   "subcategory": "Coupons",
   "name": "Near East Toasted Almond Pilaf Rice Mix",
   "price": "2.44",
   "description": "6.6 oz�",
   "image": "https://d2lnr5mha7bycj.cloudfront.net/product-image/file/large_f818796a-3b45-4377-8d7c-3f2a01bcdcb4.jpg",
   "Image 2": "",
   "Product Link": "https://www.instacart.com/store/items/4471761?source1=aisle&source2=3000097&source3=3000097&impressionId=acb0e2e9-d69a-41b5-a40c-6bf23e77f324",
   "FIELD9": ""
 },
 {
   "category": "Dry Goods & Pasta",
   "subcategory": "Coupons",
   "name": "Near East Wild Mushroom & Herb Pilaf Rice Mix",
   "price": "2.44",
   "description": "6.3 oz�",
   "image": "https://d2lnr5mha7bycj.cloudfront.net/product-image/file/large_c15ff515-2bec-4ca9-af1c-4b137ca73c9a.JPG",
   "Image 2": "",
   "Product Link": "https://www.instacart.com/store/items/4469796?source1=aisle&source2=3000097&source3=3000097&impressionId=be376670-87e4-4edc-99bc-1e571f73742a",
   "FIELD9": ""
 },
 {
   "category": "Dry Goods & Pasta",
   "subcategory": "Coupons",
   "name": "Near East Chicken Pilaf Rice Mix",
   "price": "2.44",
   "description": "6.25 oz�",
   "image": "https://d2lnr5mha7bycj.cloudfront.net/product-image/file/large_10ee8932-2bfd-4d5a-9a5a-4054d90ddf88.jpg",
   "Image 2": "",
   "Product Link": "https://www.instacart.com/store/items/4472261?source1=aisle&source2=3000097&source3=3000097&impressionId=42112d59-0ee6-41b4-87dc-163498110fa9",
   "FIELD9": ""
 },
 {
   "category": "Floral",
   "subcategory": "Bouquet",
   "name": "Whole Foods Market Whole Trade Petite Bouquet",
   "price": "10",
   "description": "",
   "image": "https://d2lnr5mha7bycj.cloudfront.net/product-image/file/large_9d63fabf-4782-4576-ae43-3516558647d0.jpg",
   "Image 2": "",
   "Product Link": "https://www.instacart.com/store/items/22056289?source1=aisle&source2=15893&source3=15893&impressionId=d373796d-c691-40ac-8464-4e5cb8d97982",
   "FIELD9": ""
 },
 {
   "category": "Floral",
   "subcategory": "Bouquet",
   "name": "Queens White Hydrangeas",
   "price": "10",
   "description": "3 count�",
   "image": "https://d2lnr5mha7bycj.cloudfront.net/product-image/file/large_471102c0-c82a-4b9e-b35a-8e4d5f479eda.jpg",
   "Image 2": "",
   "Product Link": "https://www.instacart.com/store/items/4493552?source1=aisle&source2=15893&source3=15893&impressionId=0ed90d45-44a1-4397-a454-d0b81fceca3a",
   "FIELD9": ""
 },
 {
   "category": "Floral",
   "subcategory": "Bouquet",
   "name": "5 Stem Sunflowers",
   "price": "7",
   "description": "flowers�",
   "image": "https://d2lnr5mha7bycj.cloudfront.net/product-image/file/large_dd526099-4276-435a-b677-5122a197dabc.jpg",
   "Image 2": "",
   "Product Link": "https://www.instacart.com/store/items/4494730?source1=aisle&source2=15893&source3=15893&impressionId=6c9ee247-6102-4958-962b-f415b23fa11f",
   "FIELD9": ""
 },
 {
   "category": "Floral",
   "subcategory": "Bouquet",
   "name": "Whole Trade Roses 60",
   "price": "30",
   "description": "12 ct�",
   "image": "https://d2lnr5mha7bycj.cloudfront.net/product-image/file/large_bd91879a-658e-4fb9-97d6-b27189fd9bd8.jpg",
   "Image 2": "",
   "Product Link": "https://www.instacart.com/store/items/12953113?source1=aisle&source2=15893&source3=15893&impressionId=93d1be2d-11ad-424e-9031-c35cfcbd3647",
   "FIELD9": ""
 },
 {
   "category": "Floral",
   "subcategory": "Bouquet",
   "name": "Elite Whole Trade Fillers 8 Stem�",
   "price": "5",
   "description": "Assorted",
   "image": "https://d2lnr5mha7bycj.cloudfront.net/product-image/file/large_57fc1052-23c2-4ff7-8935-96355aa6e87a.jpg",
   "Image 2": "",
   "Product Link": "https://www.instacart.com/store/items/4504574?source1=aisle&source2=15893&source3=15893&impressionId=9bd9c913-3e8b-4e80-b644-33a5e4fb8584",
   "FIELD9": ""
 },
 {
   "category": "Floral",
   "subcategory": "Bouquet",
   "name": "Dozen Roses",
   "price": "12",
   "description": "",
   "image": "https://d2lnr5mha7bycj.cloudfront.net/product-image/file/large_f156b627-13e5-4dff-9c1a-b657b7f4c0e9.jpg",
   "Image 2": "",
   "Product Link": "https://www.instacart.com/store/items/19024465?source1=aisle&source2=15893&source3=15893&impressionId=a0078c07-afc9-4797-a55b-4c6411dc6371",
   "FIELD9": ""
 },
 {
   "category": "Floral",
   "subcategory": "Bouquet",
   "name": "National Whole Trade Ruscus Greens",
   "price": "5",
   "description": "",
   "image": "https://d2lnr5mha7bycj.cloudfront.net/product-image/file/large_052cf9b4-96a6-4dd6-a6b8-d69aff9d5d4f.jpg",
   "Image 2": "",
   "Product Link": "https://www.instacart.com/store/items/4504543?source1=aisle&source2=15893&source3=15893&impressionId=8b08dccb-58e9-437d-bb92-e3407b5f5a40",
   "FIELD9": ""
 },
 {
   "category": "Floral",
   "subcategory": "Bouquet",
   "name": "Calla Lily 10 Stem",
   "price": "10",
   "description": "",
   "image": "https://d2lnr5mha7bycj.cloudfront.net/product-image/file/large_b4c8b22d-538e-49bc-a97d-5c314b862e4a.png",
   "Image 2": "",
   "Product Link": "https://www.instacart.com/store/items/32348444?source1=aisle&source2=15893&source3=15893&impressionId=41db9183-a301-46ab-9ae8-3070d5b330ef",
   "FIELD9": ""
 },
 {
   "category": "Floral",
   "subcategory": "Bouquet",
   "name": "Whole Trade Spray of Roses Mix",
   "price": "12",
   "description": "",
   "image": "https://d2lnr5mha7bycj.cloudfront.net/product-image/file/large_5e46eee5-8ef4-4d5f-9c4b-12abb4899138.jpg",
   "Image 2": "",
   "Product Link": "https://www.instacart.com/store/items/4584206?source1=aisle&source2=15893&source3=15893&impressionId=25856c47-d05c-4528-b44a-020315af9b63",
   "FIELD9": ""
 },
 {
   "category": "Floral",
   "subcategory": "Bouquet",
   "name": "Peony",
   "price": "10",
   "description": "1�",
   "image": "https://d2lnr5mha7bycj.cloudfront.net/product-image/file/large_a70f1e79-61ae-45e1-a7de-ed342afd781b.jpeg",
   "Image 2": "",
   "Product Link": "https://www.instacart.com/store/items/12814563?source1=aisle&source2=15893&source3=15893&impressionId=fcb24704-9248-431d-b376-be1fcaa85b3a",
   "FIELD9": ""
 },
 {
   "category": "Floral",
   "subcategory": "Bouquet",
   "name": "Tulips",
   "price": "4",
   "description": "5 ct�",
   "image": "https://d2guulkeunn7d8.cloudfront.net/assets/missing-item-0ca47424f272dd3909349f67e9661183.png",
   "Image 2": "",
   "Product Link": "https://www.instacart.com/store/items/27661025?source1=aisle&source2=15893&source3=15893&impressionId=966db101-8d0a-4ac1-9ffe-545a7dc2b5ec",
   "FIELD9": ""
 },
 {
   "category": "Floral",
   "subcategory": "Bouquet",
   "name": "Carnations Whole Trade Assorted",
   "price": "5",
   "description": "",
   "image": "https://d2guulkeunn7d8.cloudfront.net/assets/missing-item-0ca47424f272dd3909349f67e9661183.png",
   "Image 2": "",
   "Product Link": "https://www.instacart.com/store/items/4501829?source1=aisle&source2=15893&source3=15893&impressionId=dc237a88-ba29-4705-9305-12fa0d8fffff",
   "FIELD9": ""
 },
 {
   "category": "Floral",
   "subcategory": "Bouquet",
   "name": "National Wt Pom Novelty 7 St",
   "price": "5",
   "description": "",
   "image": "https://d2guulkeunn7d8.cloudfront.net/assets/missing-item-0ca47424f272dd3909349f67e9661183.png",
   "Image 2": "",
   "Product Link": "https://www.instacart.com/store/items/21374010?source1=aisle&source2=15893&source3=15893&impressionId=ea9c6099-c8bc-4187-ab3b-4c45cfa550b8",
   "FIELD9": ""
 },
 {
   "category": "Floral",
   "subcategory": "Bouquet",
   "name": "Bouquet $15.00",
   "price": "15",
   "description": "",
   "image": "https://d2guulkeunn7d8.cloudfront.net/assets/missing-item-0ca47424f272dd3909349f67e9661183.png",
   "Image 2": "",
   "Product Link": "https://www.instacart.com/store/items/21618339?source1=aisle&source2=15893&source3=15893&impressionId=01ab6bba-8b6f-477d-a038-a146e699c113",
   "FIELD9": ""
 },
 {
   "category": "Floral",
   "subcategory": "Bouquet",
   "name": "Floral 3 Stem Orchid Bouquet",
   "price": "5",
   "description": "1.00 each�",
   "image": "https://d2guulkeunn7d8.cloudfront.net/assets/missing-item-0ca47424f272dd3909349f67e9661183.png",
   "Image 2": "",
   "Product Link": "https://www.instacart.com/store/items/65217664?source1=aisle&source2=15893&source3=15893&impressionId=c776c8d0-feb8-4bd8-8694-b2dca50d978d",
   "FIELD9": ""
 },
 {
   "category": "Floral",
   "subcategory": "Bouquet",
   "name": "Dos Gringos Bq Art Deco",
   "price": "14.99",
   "description": "1.00 each�",
   "image": "https://d2guulkeunn7d8.cloudfront.net/assets/missing-item-0ca47424f272dd3909349f67e9661183.png",
   "Image 2": "",
   "Product Link": "https://www.instacart.com/store/items/65217529?source1=aisle&source2=15893&source3=15893&impressionId=b200cdc8-d1fc-49dc-8a6f-46ede179c389",
   "FIELD9": ""
 },
 {
   "category": "Floral",
   "subcategory": "Bouquet",
   "name": "Sun Valley Group Medium Seasonal Surge Bouquet",
   "price": "9.99",
   "description": "1.00 each�",
   "image": "https://d2guulkeunn7d8.cloudfront.net/assets/missing-item-0ca47424f272dd3909349f67e9661183.png",
   "Image 2": "",
   "Product Link": "https://www.instacart.com/store/items/65217330?source1=aisle&source2=15893&source3=15893&impressionId=8965d69a-774b-4c66-894d-a94157b78b66",
   "FIELD9": ""
 },
 {
   "category": "Floral",
   "subcategory": "Bouquet",
   "name": "Dos Gringos Golden Gardens Bouquet",
   "price": "16",
   "description": "1.00 each�",
   "image": "https://d2guulkeunn7d8.cloudfront.net/assets/missing-item-0ca47424f272dd3909349f67e9661183.png",
   "Image 2": "",
   "Product Link": "https://www.instacart.com/store/items/65217292?source1=aisle&source2=15893&source3=15893&impressionId=b819fe4e-3e3b-42bd-bd02-59a9b233c721",
   "FIELD9": ""
 },
 {
   "category": "Floral",
   "subcategory": "Vase",
   "name": "Por La Mar Nursery Gladiola 5 Stem",
   "price": "5",
   "description": "",
   "image": "https://d2lnr5mha7bycj.cloudfront.net/product-image/file/large_8a506faf-c22d-4829-b486-d07ef32184be.png",
   "Image 2": "",
   "Product Link": "https://www.instacart.com/store/items/4596313?source1=aisle&source2=15894&source3=15894&impressionId=e38a31b6-ae69-4963-ab9d-c71e82506266",
   "FIELD9": ""
 },
 {
   "category": "International",
   "subcategory": "Asian Foods",
   "name": "365 Organic Coconut Milk",
   "price": "2",
   "description": "13.5 oz�",
   "image": "https://d2lnr5mha7bycj.cloudfront.net/product-image/file/large_011cfa67-7aa6-43d1-8b3a-43e752d825ce.jpg",
   "Image 2": "",
   "Product Link": "https://www.instacart.com/store/items/4486409?source1=aisle&source2=3614&source3=3614&impressionId=658a2fab-96a1-4725-a1f0-e990219cd101",
   "FIELD9": ""
 },
 {
   "category": "International",
   "subcategory": "Asian Foods",
   "name": "gimMe Organic Sea Salt Roasted Seaweed Snacks",
   "price": "1.99",
   "description": "0.35 oz�",
   "image": "https://d2lnr5mha7bycj.cloudfront.net/product-image/file/large_cd7223ec-d7e3-419e-95b2-6720c998fef6.jpg",
   "Image 2": "",
   "Product Link": "https://www.instacart.com/store/items/4541591?source1=aisle&source2=3614&source3=3614&impressionId=a10a30f8-9e50-48af-8f57-5690c7a43b94",
   "FIELD9": ""
 },
 {
   "category": "International",
   "subcategory": "Asian Foods",
   "name": "Thai Kitchen Red Curry Paste",
   "price": "3.69",
   "description": "4 oz�",
   "image": "https://d2lnr5mha7bycj.cloudfront.net/product-image/file/large_cab7fdca-387c-4ad7-ac39-000f69b46532.jpg",
   "Image 2": "",
   "Product Link": "https://www.instacart.com/store/items/4541333?source1=aisle&source2=3614&source3=3614&impressionId=1854129e-954a-4b3b-bb38-7468f3a51f35",
   "FIELD9": ""
 },
 {
   "category": "International",
   "subcategory": "Asian Foods",
   "name": "Native Forest Unsweetened Organic Coconut Milk Classic",
   "price": "3.69",
   "description": "13.5 oz�",
   "image": "https://d2lnr5mha7bycj.cloudfront.net/product-image/file/large_c9027cc2-6407-48ba-936e-1251b2b88f3d.jpg",
   "Image 2": "",
   "Product Link": "https://www.instacart.com/store/items/4474124?source1=aisle&source2=3614&source3=3614&impressionId=1194a647-5d5c-4c2f-a84c-277dc8aeb2c5",
   "FIELD9": ""
 },
 {
   "category": "International",
   "subcategory": "Asian Foods",
   "name": "365 Organic Teriyaki Sauce",
   "price": "2.99",
   "description": "10 fl oz�",
   "image": "https://d2lnr5mha7bycj.cloudfront.net/product-image/file/large_5ffa941c-b19f-4e1b-9d71-27ab98935430.jpg",
   "Image 2": "",
   "Product Link": "https://www.instacart.com/store/items/4527318?source1=aisle&source2=3614&source3=3614&impressionId=c89d9fd4-156e-4e3e-aadc-f4504ff9d3b8",
   "FIELD9": ""
 },
 {
   "category": "International",
   "subcategory": "Asian Foods",
   "name": "SeaSnax Premium Roasted Seaweed Snack Original",
   "price": "1.49",
   "description": "0.18 oz�",
   "image": "https://d2lnr5mha7bycj.cloudfront.net/product-image/file/large_6c032934-fd61-40c9-8b61-cbaf220f7bd3.jpg",
   "Image 2": "",
   "Product Link": "https://www.instacart.com/store/items/4532160?source1=aisle&source2=3614&source3=3614&impressionId=96b606d1-b5bf-4283-8b78-f9165eb9969d",
   "FIELD9": ""
 },
 {
   "category": "International",
   "subcategory": "Asian Foods",
   "name": "Thai Kitchen Stir-fry Rice Noodles",
   "price": "2.99",
   "description": "14 oz�",
   "image": "https://d2lnr5mha7bycj.cloudfront.net/product-image/file/large_3c1eb549-2eed-4483-aa91-2a0c1dbbcbde.JPG",
   "Image 2": "",
   "Product Link": "https://www.instacart.com/store/items/4540551?source1=aisle&source2=3614&source3=3614&impressionId=338bf395-b88a-401a-a7c7-150064e11fde",
   "FIELD9": ""
 },
 {
   "category": "International",
   "subcategory": "Asian Foods",
   "name": "365 Organic Hoisin Sauce",
   "price": "2.99",
   "description": "10 oz�",
   "image": "https://d2lnr5mha7bycj.cloudfront.net/product-image/file/large_d04fc880-40eb-4f9e-97d1-ecadf86d2b36.jpg",
   "Image 2": "",
   "Product Link": "https://www.instacart.com/store/items/4527528?source1=aisle&source2=3614&source3=3614&impressionId=cb8dad58-9343-4573-baed-382f2c97318d",
   "FIELD9": ""
 },
 {
   "category": "International",
   "subcategory": "Asian Foods",
   "name": "Soy Vay Veri Veri Teriyaki Marinade & Sauce",
   "price": "6.49",
   "description": "21 oz�",
   "image": "https://d2lnr5mha7bycj.cloudfront.net/product-image/file/large_843cfb68-5f76-4849-8fc7-5bbe62bf78f2.jpg",
   "Image 2": "",
   "Product Link": "https://www.instacart.com/store/items/21754728?source1=aisle&source2=3614&source3=3614&impressionId=024555c5-1732-43dd-8e48-0f7f35b95d81",
   "FIELD9": ""
 },
 {
   "category": "International",
   "subcategory": "Asian Foods",
   "name": "Native Forest Unsweetened Organic Coconut Milk Light",
   "price": "3.69",
   "description": "13.5 fl oz�",
   "image": "https://d2lnr5mha7bycj.cloudfront.net/product-image/file/large_d0d90021-1c3e-4f53-b978-f49fe85e679a.jpg",
   "Image 2": "",
   "Product Link": "https://www.instacart.com/store/items/4473982?source1=aisle&source2=3614&source3=3614&impressionId=4e8563af-2b24-4a11-a101-63616fd93565",
   "FIELD9": ""
 },
 {
   "category": "International",
   "subcategory": "Asian Foods",
   "name": "Annie Chuns Pad Thai Brown Rice Noodles",
   "price": "3.49",
   "description": "8 oz�",
   "image": "https://d2lnr5mha7bycj.cloudfront.net/product-image/file/large_7b7eb831-057e-4d06-80bc-d7dce328a3af.jpg",
   "Image 2": "",
   "Product Link": "https://www.instacart.com/store/items/4539829?source1=aisle&source2=3614&source3=3614&impressionId=b3d3755f-83ba-4d77-94f0-90f65c64ef33",
   "FIELD9": ""
 },
 {
   "category": "International",
   "subcategory": "Asian Foods",
   "name": "Thai Kitchen Green Curry Paste",
   "price": "3.69",
   "description": "4 oz�",
   "image": "https://d2lnr5mha7bycj.cloudfront.net/product-image/file/large_d3e9779c-e06a-4439-8064-74138a31aa07.jpg",
   "Image 2": "",
   "Product Link": "https://www.instacart.com/store/items/4541306?source1=aisle&source2=3614&source3=3614&impressionId=35230fa9-531f-4621-9987-c9164554d553",
   "FIELD9": ""
 },
 {
   "category": "International",
   "subcategory": "Asian Foods",
   "name": "Koyo Tofu Miso Ramen",
   "price": "1.39",
   "description": "2 oz�",
   "image": "https://d2lnr5mha7bycj.cloudfront.net/product-image/file/large_e10b020a-51fa-41d3-be67-6270833901f1.jpg",
   "Image 2": "",
   "Product Link": "https://www.instacart.com/store/items/4519654?source1=aisle&source2=3614&source3=3614&impressionId=d8ffc1a5-d1bf-4c5e-9d9b-e4ba5590b413",
   "FIELD9": ""
 },
 {
   "category": "International",
   "subcategory": "Asian Foods",
   "name": "San-J Tamari Gluten Free Soy Sauce Reduced Sodium",
   "price": "3.99",
   "description": "10 oz�",
   "image": "https://d2lnr5mha7bycj.cloudfront.net/product-image/file/large_54052466-4bc8-4bc2-89d5-a8eea8bad0fc.jpg",
   "Image 2": "",
   "Product Link": "https://www.instacart.com/store/items/4468930?source1=aisle&source2=3614&source3=3614&impressionId=2825b08e-2d6c-45ec-9596-b597a3ce4be4",
   "FIELD9": ""
 },
 {
   "category": "International",
   "subcategory": "Asian Foods",
   "name": "Hakubaku Organic Soba",
   "price": "2.99",
   "description": "9.5 oz�",
   "image": "https://d2lnr5mha7bycj.cloudfront.net/product-image/file/large_a4116dd6-f8fc-4484-99c4-39938ebdc76a.jpg",
   "Image 2": "",
   "Product Link": "https://www.instacart.com/store/items/4537824?source1=aisle&source2=3614&source3=3614&impressionId=997b1c92-1f95-4e9a-812d-b6dfe1afabd9",
   "FIELD9": ""
 },
 {
   "category": "International",
   "subcategory": "Asian Foods",
   "name": "San-J Organice Tamari Gluten Free Soy Sauce Reduced Sodium",
   "price": "7.99",
   "description": "20 oz�",
   "image": "https://d2lnr5mha7bycj.cloudfront.net/product-image/file/large_678790bc-5a62-4b62-b1a2-d851e4d4117a.jpg",
   "Image 2": "",
   "Product Link": "https://www.instacart.com/store/items/4469654?source1=aisle&source2=3614&source3=3614&impressionId=53c01ff1-da3b-4821-a259-c13aa9d4c9c4",
   "FIELD9": ""
 },
 {
   "category": "International",
   "subcategory": "Asian Foods",
   "name": "Thai Kitchen Premium Fish Sauce",
   "price": "3.69",
   "description": "6.7 oz�",
   "image": "https://d2lnr5mha7bycj.cloudfront.net/product-image/file/large_fcd51ccf-2481-4e52-afc8-4dd3813e4c1d.jpg",
   "Image 2": "",
   "Product Link": "https://www.instacart.com/store/items/4541610?source1=aisle&source2=3614&source3=3614&impressionId=bfbcc695-5b74-4ef2-a0c7-b746bf9cccf7",
   "FIELD9": ""
 },
 {
   "category": "International",
   "subcategory": "Asian Foods",
   "name": "San-J Organic Tamari Wheat-Free Reduced Sodium Soy Sauce",
   "price": "2.99",
   "description": "10 fl oz�",
   "image": "https://d2lnr5mha7bycj.cloudfront.net/product-image/file/large_211a4040-ebca-412a-8e17-a9627dc5b226.jpg",
   "Image 2": "",
   "Product Link": "https://www.instacart.com/store/items/21672959?source1=aisle&source2=3614&source3=3614&impressionId=31526239-2a87-457d-8d75-defca2f5e234",
   "FIELD9": ""
 },
 {
   "category": "International",
   "subcategory": "Asian Foods",
   "name": "Native Forest Organic Coconut Cream",
   "price": "2.29",
   "description": "5.4 fl oz�",
   "image": "https://d2lnr5mha7bycj.cloudfront.net/product-image/file/large_9af75003-5de4-4a45-8206-619c42aef5b5.jpg",
   "Image 2": "",
   "Product Link": "https://www.instacart.com/store/items/4510324?source1=aisle&source2=3614&source3=3614&impressionId=c8544a46-4d7d-4674-abac-ce2e0da575b7",
   "FIELD9": ""
 },
 {
   "category": "International",
   "subcategory": "Asian Foods",
   "name": "Koyo Asian Vegetable Ramen",
   "price": "1.39",
   "description": "2.1 oz�",
   "image": "https://d2lnr5mha7bycj.cloudfront.net/product-image/file/large_de9bda47-bf90-4e92-97a6-705f619f8f07.jpg",
   "Image 2": "",
   "Product Link": "https://www.instacart.com/store/items/4519582?source1=aisle&source2=3614&source3=3614&impressionId=95472fe7-5be1-4cad-82eb-33135b72122d",
   "FIELD9": ""
 },
 {
   "category": "International",
   "subcategory": "Latino Foods",
   "name": "365 Organic Medium Salsa",
   "price": "2.69",
   "description": "16 oz�",
   "image": "https://d2lnr5mha7bycj.cloudfront.net/product-image/file/large_42ec1749-d489-4c5c-a910-3ff1ae8f1ca4.jpg",
   "Image 2": "",
   "Product Link": "https://www.instacart.com/store/items/4521792?source1=aisle&source2=3615&source3=3615&impressionId=27e4db28-fd7f-4d90-b3cd-8e9aa214f2b6",
   "FIELD9": ""
 },
 {
   "category": "International",
   "subcategory": "Latino Foods",
   "name": "365 Organic Yellow Corn Taco Shells",
   "price": "2.99",
   "description": "12 ct�",
   "image": "https://d2lnr5mha7bycj.cloudfront.net/product-image/file/large_5df4f1e2-e584-4046-a1fc-f48b4606408f.jpg",
   "Image 2": "",
   "Product Link": "https://www.instacart.com/store/items/4479939?source1=aisle&source2=3615&source3=3615&impressionId=bad42276-ee10-4949-94a0-8f5ddde7a3dc",
   "FIELD9": ""
 },
 {
   "category": "International",
   "subcategory": "Latino Foods",
   "name": "Bearitos Taco Seasoning",
   "price": "2.49",
   "description": "1.4 oz�",
   "image": "https://d2lnr5mha7bycj.cloudfront.net/product-image/file/large_73bb21ca-eef2-4dc4-b110-7088fc742045.jpg",
   "Image 2": "",
   "Product Link": "https://www.instacart.com/store/items/4460828?source1=aisle&source2=3615&source3=3615&impressionId=4f3b08bb-0506-4599-ae94-8f5a64970e0d",
   "FIELD9": ""
 },
 {
   "category": "International",
   "subcategory": "Latino Foods",
   "name": "Mi Rancho Tortillas, Corn, Organic",
   "price": "2.99",
   "description": "9.33 oz�",
   "image": "https://d2lnr5mha7bycj.cloudfront.net/product-image/file/large_e1e17c7e-34d4-4e59-804b-c7abcf6b5065.jpg",
   "Image 2": "",
   "Product Link": "https://www.instacart.com/store/items/4518400?source1=aisle&source2=3615&source3=3615&impressionId=dff7eb3a-397d-4561-8118-1fc80d161b8d",
   "FIELD9": ""
 },
 {
   "category": "International",
   "subcategory": "Latino Foods",
   "name": "365 Organic Blue Taco Shells 12 Count",
   "price": "2.99",
   "description": "5.5 oz�",
   "image": "https://d2lnr5mha7bycj.cloudfront.net/product-image/file/large_016592f6-88dd-4ea1-85fa-b3c36b7932de.jpg",
   "Image 2": "",
   "Product Link": "https://www.instacart.com/store/items/4479845?source1=aisle&source2=3615&source3=3615&impressionId=9fddb6f6-d9fc-40b8-9167-1ea33b927f43",
   "FIELD9": ""
 },
 {
   "category": "International",
   "subcategory": "Latino Foods",
   "name": "Hatch Mild Diced Green Chiles",
   "price": "2.19",
   "description": "4 oz�",
   "image": "https://d2lnr5mha7bycj.cloudfront.net/product-image/file/large_85f4ba9d-4700-44da-a403-9f27d253d314.jpg",
   "Image 2": "",
   "Product Link": "https://www.instacart.com/store/items/4458106?source1=aisle&source2=3615&source3=3615&impressionId=47fbf2d0-71e2-42e9-951b-08cf62dc3b60",
   "FIELD9": ""
 },
 {
   "category": "International",
   "subcategory": "Latino Foods",
   "name": "365 Peach Mango Salsa",
   "price": "2.69",
   "description": "16 oz�",
   "image": "https://d2lnr5mha7bycj.cloudfront.net/product-image/file/large_d6fc7514-a8fb-4527-938f-42be3e222085.jpg",
   "Image 2": "",
   "Product Link": "https://www.instacart.com/store/items/4534819?source1=aisle&source2=3615&source3=3615&impressionId=9614e461-ab7f-480d-9a10-ef3dd762bb30",
   "FIELD9": ""
 },
 {
   "category": "International",
   "subcategory": "Latino Foods",
   "name": "Frontera Taco Skillet Sauce Ground Beef With Mild Red Chile + Cumin",
   "price": "2.99",
   "description": "8 oz�",
   "image": "https://d2lnr5mha7bycj.cloudfront.net/product-image/file/large_917288bc-d228-47ca-9572-cf73e1885c8e.jpg",
   "Image 2": "",
   "Product Link": "https://www.instacart.com/store/items/4541641?source1=aisle&source2=3615&source3=3615&impressionId=ab25ff3d-3e8d-4966-9b32-dc03976844df",
   "FIELD9": ""
 },
 {
   "category": "International",
   "subcategory": "Latino Foods",
   "name": "Simply Organic Certified Organic Spicy Taco Seasoning Mix",
   "price": "1.79",
   "description": "1.13 oz�",
   "image": "https://d2lnr5mha7bycj.cloudfront.net/product-image/file/large_23bb120e-0997-42c7-be4e-416df39422b9.jpg",
   "Image 2": "",
   "Product Link": "https://www.instacart.com/store/items/4541697?source1=aisle&source2=3615&source3=3615&impressionId=fb29513a-0b0d-4431-8fe8-36f7e8408302",
   "FIELD9": ""
 },
 {
   "category": "International",
   "subcategory": "Latino Foods",
   "name": "365 Organic Hot Salsa",
   "price": "2.69",
   "description": "16 oz�",
   "image": "https://d2lnr5mha7bycj.cloudfront.net/product-image/file/large_83ac9be0-75f3-4ac0-9ec9-b221bbf8a7b0.jpg",
   "Image 2": "",
   "Product Link": "https://www.instacart.com/store/items/4521639?source1=aisle&source2=3615&source3=3615&impressionId=ec201938-a2f9-4168-9cfb-2459b3665ffa",
   "FIELD9": ""
 },
 {
   "category": "International",
   "subcategory": "Latino Foods",
   "name": "365 Thick & Chunky Salsa",
   "price": "3.99",
   "description": "24 oz�",
   "image": "https://d2lnr5mha7bycj.cloudfront.net/product-image/file/large_9fee99cb-9218-4fbd-84b5-597970ab9b2b.jpg",
   "Image 2": "",
   "Product Link": "https://www.instacart.com/store/items/4521472?source1=aisle&source2=3615&source3=3615&impressionId=ddc2033f-d265-4279-88ff-29cd2b0ee9e7",
   "FIELD9": ""
 },
 {
   "category": "International",
   "subcategory": "Latino Foods",
   "name": "Frontera Red Chile Enchilada Sauce With Roasted Tomato + Garlic",
   "price": "2.99",
   "description": "8 oz�",
   "image": "https://d2lnr5mha7bycj.cloudfront.net/product-image/file/large_3e132cfa-a86d-46b3-b264-694786bda069.jpg",
   "Image 2": "",
   "Product Link": "https://www.instacart.com/store/items/4542103?source1=aisle&source2=3615&source3=3615&impressionId=6beb2823-c195-4970-bb78-d567b3d2928c",
   "FIELD9": ""
 },
 {
   "category": "International",
   "subcategory": "Latino Foods",
   "name": "365 Southwestern Grill Seasoning",
   "price": "1.79",
   "description": "6 oz�",
   "image": "https://d2lnr5mha7bycj.cloudfront.net/product-image/file/large_92118b1c-63aa-435f-9f64-18e045e12d08.jpg",
   "Image 2": "",
   "Product Link": "https://www.instacart.com/store/items/4478019?source1=aisle&source2=3615&source3=3615&impressionId=2893766d-29e0-43dd-aa29-adf36c478085",
   "FIELD9": ""
 },
 {
   "category": "International",
   "subcategory": "Latino Foods",
   "name": "Hatch Diced Hot Green Chiles",
   "price": "2.19",
   "description": "4 oz�",
   "image": "https://d2lnr5mha7bycj.cloudfront.net/product-image/file/large_ae8e8526-d76c-45d5-8471-732989e8bb9d.jpg",
   "Image 2": "",
   "Product Link": "https://www.instacart.com/store/items/4522896?source1=aisle&source2=3615&source3=3615&impressionId=74a16bff-4d24-480f-ace2-9c7273c24199",
   "FIELD9": ""
 },
 {
   "category": "International",
   "subcategory": "Latino Foods",
   "name": "Simply Organic Fajita Seasoning",
   "price": "1.79",
   "description": "1.0 oz�",
   "image": "https://d2lnr5mha7bycj.cloudfront.net/product-image/file/large_7454f6d4-51cd-4b16-898c-5e7b960c3f74.jpg",
   "Image 2": "",
   "Product Link": "https://www.instacart.com/store/items/21745580?source1=aisle&source2=3615&source3=3615&impressionId=0202b761-1bcd-4225-876b-4912a96beb6c",
   "FIELD9": ""
 },
 {
   "category": "International",
   "subcategory": "Latino Foods",
   "name": "Frontera Green Chile Medium Enchilada Sauce",
   "price": "2.99",
   "description": "8 oz�",
   "image": "https://d2lnr5mha7bycj.cloudfront.net/product-image/file/large_2cf92586-0014-441e-90f3-d7a24da6239e.jpg",
   "Image 2": "",
   "Product Link": "https://www.instacart.com/store/items/4541829?source1=aisle&source2=3615&source3=3615&impressionId=d3359870-9f2e-4d11-b61f-a834fdf1e93d",
   "FIELD9": ""
 },
 {
   "category": "International",
   "subcategory": "Latino Foods",
   "name": "Hatch Mild Red Enchilada Sauce",
   "price": "4.39",
   "description": "15 oz�",
   "image": "https://d2lnr5mha7bycj.cloudfront.net/product-image/file/large_3b4a8e32-cafc-498b-97a2-73d4709483ff.jpg",
   "Image 2": "",
   "Product Link": "https://www.instacart.com/store/items/4457848?source1=aisle&source2=3615&source3=3615&impressionId=ca0747d4-74f0-483d-971c-069a4ea447ea",
   "FIELD9": ""
 },
 {
   "category": "International",
   "subcategory": "Latino Foods",
   "name": "Garden of Eatin' Yellow Corn Taco Shells - 12 CT",
   "price": "3.99",
   "description": "5.5 oz�",
   "image": "https://d2lnr5mha7bycj.cloudfront.net/product-image/file/large_f181293f-2205-4290-8efa-19a2a4e186e5.jpg",
   "Image 2": "",
   "Product Link": "https://www.instacart.com/store/items/4483897?source1=aisle&source2=3615&source3=3615&impressionId=1ca9caed-eacb-4439-abc4-256c609b62f5",
   "FIELD9": ""
 },
 {
   "category": "International",
   "subcategory": "Latino Foods",
   "name": "Hatch Medium Red Enchilada Sauce",
   "price": "4.39",
   "description": "15 oz�",
   "image": "https://d2lnr5mha7bycj.cloudfront.net/product-image/file/large_18d2ed7d-077e-4f3d-b89a-e02eeca76d23.jpg",
   "Image 2": "",
   "Product Link": "https://www.instacart.com/store/items/4457644?source1=aisle&source2=3615&source3=3615&impressionId=433884ce-798e-4126-9669-a914d0b95391",
   "FIELD9": ""
 },
 {
   "category": "International",
   "subcategory": "Latino Foods",
   "name": "Garden of Eatin' Yellow Corn Taco Dinner Kit",
   "price": "6.99",
   "description": "9.4 oz�",
   "image": "https://d2lnr5mha7bycj.cloudfront.net/product-image/file/large_be58166d-fa04-440a-8a84-3916ec02f818.jpg",
   "Image 2": "",
   "Product Link": "https://www.instacart.com/store/items/84583717?source1=aisle&source2=3615&source3=3615&impressionId=f773a967-59dc-41b4-97ec-75d6b28151bf",
   "FIELD9": ""
 },
 {
   "category": "International",
   "subcategory": "Indian Foods",
   "name": "Maya Kaimal Tikka Masala Mild Indian Simmer Sauce",
   "price": "5.99",
   "description": "12.5 oz�",
   "image": "https://d2lnr5mha7bycj.cloudfront.net/product-image/file/large_31d0ba96-05aa-4c57-94b7-6839ebdb6717.jpg",
   "Image 2": "",
   "Product Link": "https://www.instacart.com/store/items/4537968?source1=aisle&source2=3616&source3=3616&impressionId=24220e4e-d2df-4f3a-a48e-729438dab90c",
   "FIELD9": ""
 },
 {
   "category": "International",
   "subcategory": "Indian Foods",
   "name": "Saffron Road Simmer Sauce Tikka Masala",
   "price": "2.99",
   "description": "7 oz�",
   "image": "https://d2lnr5mha7bycj.cloudfront.net/product-image/file/large_54081a12-7fb1-4206-91ff-756eafc4c548.jpg",
   "Image 2": "",
   "Product Link": "https://www.instacart.com/store/items/4535191?source1=aisle&source2=3616&source3=3616&impressionId=92fff389-156f-4f4f-a5cb-8cf5de3ef5cb",
   "FIELD9": ""
 },
 {
   "category": "International",
   "subcategory": "Indian Foods",
   "name": "Tasty Bite Organic Basmati Rice",
   "price": "2.69",
   "description": "8.8 oz�",
   "image": "https://d2lnr5mha7bycj.cloudfront.net/product-image/file/large_2a360211-e354-49e8-947e-b2ba9bb1738d.jpg",
   "Image 2": "",
   "Product Link": "https://www.instacart.com/store/items/17977287?source1=aisle&source2=3616&source3=3616&impressionId=06ccd647-45fe-4a03-a3dc-39f4126f875b",
   "FIELD9": ""
 },
 {
   "category": "International",
   "subcategory": "Indian Foods",
   "name": "Tasty Bite 1 Step - 1 Minute Madras Lentils",
   "price": "3.69",
   "description": "10 oz�",
   "image": "https://d2lnr5mha7bycj.cloudfront.net/product-image/file/large_fbe51d53-895d-4ebc-ae90-9fcb214696f3.jpg",
   "Image 2": "",
   "Product Link": "https://www.instacart.com/store/items/4539712?source1=aisle&source2=3616&source3=3616&impressionId=7cccd5a2-b402-4b3d-ba2b-2d6f8a4e62a0",
   "FIELD9": ""
 },
 {
   "category": "International",
   "subcategory": "Indian Foods",
   "name": "Maya Kaimal Madras Curry Spicy Indian Simmer Sauce",
   "price": "5.99",
   "description": "12.5 oz�",
   "image": "https://d2lnr5mha7bycj.cloudfront.net/product-image/file/large_5cb05a5b-0870-4d67-8ad7-2a54151056f2.jpg",
   "Image 2": "",
   "Product Link": "https://www.instacart.com/store/items/4537799?source1=aisle&source2=3616&source3=3616&impressionId=fee8642a-869a-41b6-add7-472e65e7b3a0",
   "FIELD9": ""
 },
 {
   "category": "International",
   "subcategory": "Indian Foods",
   "name": "Saffron Road Bombay Spice Crunchy Chickpeas",
   "price": "4.49",
   "description": "6 oz�",
   "image": "https://d2lnr5mha7bycj.cloudfront.net/product-image/file/large_199d8360-7557-4743-b172-673df7fdb94f.jpg",
   "Image 2": "",
   "Product Link": "https://www.instacart.com/store/items/26868452?source1=aisle&source2=3616&source3=3616&impressionId=7596dca9-6adb-4659-bdc2-872cc3441533",
   "FIELD9": ""
 },
 {
   "category": "International",
   "subcategory": "Indian Foods",
   "name": "Tasty Bite 1 Step - 1 Minute Channa Masala",
   "price": "3.69",
   "description": "10 oz�",
   "image": "https://d2lnr5mha7bycj.cloudfront.net/product-image/file/large_0d112e74-fb4b-4649-a40c-8d489d080872.jpg",
   "Image 2": "",
   "Product Link": "https://www.instacart.com/store/items/4541477?source1=aisle&source2=3616&source3=3616&impressionId=797c437c-5ce1-446e-a76f-046acf6cdac2",
   "FIELD9": ""
 },
 {
   "category": "International",
   "subcategory": "Indian Foods",
   "name": "Maya Kaimal Kashmiri Curry Mild Indian Simmer Sauce",
   "price": "5.99",
   "description": "12.5 oz�",
   "image": "https://d2lnr5mha7bycj.cloudfront.net/product-image/file/large_67f0a9ec-79ee-47dc-8e19-ee59e000fe69.jpg",
   "Image 2": "",
   "Product Link": "https://www.instacart.com/store/items/4537656?source1=aisle&source2=3616&source3=3616&impressionId=8bc59428-2c6c-4ee3-b3c1-2d5f79cd8bbd",
   "FIELD9": ""
 },
 {
   "category": "International",
   "subcategory": "Indian Foods",
   "name": "Maya Kaimal Butter Masala Medium Indian Simmer Sauce",
   "price": "5.99",
   "description": "12.5 oz�",
   "image": "https://d2lnr5mha7bycj.cloudfront.net/product-image/file/large_d5192bde-606b-4e87-9e22-25b42b61c9b4.jpg",
   "Image 2": "",
   "Product Link": "https://www.instacart.com/store/items/4537350?source1=aisle&source2=3616&source3=3616&impressionId=e146554d-337e-4fc8-b7b5-85114ffcc04a",
   "FIELD9": ""
 },
 {
   "category": "International",
   "subcategory": "Indian Foods",
   "name": "Tasty Bite 1 Step - 1 Minute Spinach Dal",
   "price": "3.69",
   "description": "10 oz�",
   "image": "https://d2lnr5mha7bycj.cloudfront.net/product-image/file/large_caeded25-87bb-4189-bbc2-eda1491672ae.jpg",
   "Image 2": "",
   "Product Link": "https://www.instacart.com/store/items/4523958?source1=aisle&source2=3616&source3=3616&impressionId=4df10446-39ae-4e13-b5e7-aef1b60b8e8b",
   "FIELD9": ""
 },
 {
   "category": "International",
   "subcategory": "Indian Foods",
   "name": "Sukhis Mango Chutney",
   "price": "4.99",
   "description": "8 oz�",
   "image": "https://d2lnr5mha7bycj.cloudfront.net/product-image/file/large_6d57d15a-076d-4f8d-b03f-67ee07e14ad4.jpg",
   "Image 2": "",
   "Product Link": "https://www.instacart.com/store/items/4526637?source1=aisle&source2=3616&source3=3616&impressionId=9f0d6643-e8bf-4e2e-842e-528a9ab61754",
   "FIELD9": ""
 },
 {
   "category": "International",
   "subcategory": "Indian Foods",
   "name": "Tasty Bite Jodhpur Lentils",
   "price": "3.69",
   "description": "10 oz�",
   "image": "https://d2lnr5mha7bycj.cloudfront.net/product-image/file/large_7a0ab5b5-bf0d-4303-9541-37dcb65b48d2.jpg",
   "Image 2": "",
   "Product Link": "https://www.instacart.com/store/items/4538920?source1=aisle&source2=3616&source3=3616&impressionId=200d0830-8955-4770-82dd-7745961cc529",
   "FIELD9": ""
 },
 {
   "category": "International",
   "subcategory": "Indian Foods",
   "name": "Saffron Road Simmer Sauce Lemongrass Basil",
   "price": "2.99",
   "description": "7 oz�",
   "image": "https://d2lnr5mha7bycj.cloudfront.net/product-image/file/large_e44bc26b-7645-4279-9969-495c2dc5bd4a.jpg",
   "Image 2": "",
   "Product Link": "https://www.instacart.com/store/items/4534677?source1=aisle&source2=3616&source3=3616&impressionId=3a111618-a207-4583-a338-aa111a053ebe",
   "FIELD9": ""
 },
 {
   "category": "International",
   "subcategory": "Indian Foods",
   "name": "Tasty Bite Jasmine Rice",
   "price": "2.69",
   "description": "8.8 oz�",
   "image": "https://d2lnr5mha7bycj.cloudfront.net/product-image/file/large_44b22caf-3176-487f-95b4-8dd9ee80bc30.jpg",
   "Image 2": "",
   "Product Link": "https://www.instacart.com/store/items/24076329?source1=aisle&source2=3616&source3=3616&impressionId=43ce96bb-818c-447f-bd21-d6d8473d1406",
   "FIELD9": ""
 },
 {
   "category": "International",
   "subcategory": "Indian Foods",
   "name": "Tasty Bite 1 Step - 1 Minute Bombay Potatoes",
   "price": "3.69",
   "description": "10 oz�",
   "image": "https://d2lnr5mha7bycj.cloudfront.net/product-image/file/large_73f6c44d-8085-451c-9635-4c7dd184a85a.jpg",
   "Image 2": "",
   "Product Link": "https://www.instacart.com/store/items/4540082?source1=aisle&source2=3616&source3=3616&impressionId=fd5b9e82-7f55-4501-8270-5f283279c19e",
   "FIELD9": ""
 },
 {
   "category": "International",
   "subcategory": "Indian Foods",
   "name": "Saffron Road Thai Red Curry Simmer Sauce Hot",
   "price": "2.99",
   "description": "7 oz�",
   "image": "https://d2lnr5mha7bycj.cloudfront.net/product-image/file/large_9e4afa31-8ac0-4572-86d0-344ce9d5a049.jpg",
   "Image 2": "",
   "Product Link": "https://www.instacart.com/store/items/4540226?source1=aisle&source2=3616&source3=3616&impressionId=66ee11c2-f8c6-40df-86c2-074ebdf7c18c",
   "FIELD9": ""
 },
 {
   "category": "International",
   "subcategory": "Indian Foods",
   "name": "Tasty Bite Punjab Eggplant Vegetarian",
   "price": "3.69",
   "description": "10 oz�",
   "image": "https://d2lnr5mha7bycj.cloudfront.net/product-image/file/large_dd84e660-7531-45ff-bc51-7d2bdfbea8d3.jpg",
   "Image 2": "",
   "Product Link": "https://www.instacart.com/store/items/4539429?source1=aisle&source2=3616&source3=3616&impressionId=e7f7d50b-9137-4c6e-971b-91bfe2be8c5e",
   "FIELD9": ""
 },
 {
   "category": "International",
   "subcategory": "Indian Foods",
   "name": "Saffron Road World Cuisine Authentic Indian Recipe Coconut Curry Korma Sauce",
   "price": "2.99",
   "description": "7.0 oz�",
   "image": "https://d2lnr5mha7bycj.cloudfront.net/product-image/file/large_aece8dc1-dee8-4394-8d7f-5fb15808698b.jpg",
   "Image 2": "",
   "Product Link": "https://www.instacart.com/store/items/4540266?source1=aisle&source2=3616&source3=3616&impressionId=5924ff5a-ddac-4376-8f28-1f069d1d7e87",
   "FIELD9": ""
 },
 {
   "category": "International",
   "subcategory": "More International Foods",
   "name": "LaCroix Curate Pomme-Baya (Apple- Berry)",
   "price": "4.99",
   "description": "8 x 12 fl oz�",
   "image": "https://d2lnr5mha7bycj.cloudfront.net/product-image/file/large_b972a67d-f243-4caf-8c41-647aa117f3e7.jpg",
   "Image 2": "",
   "Product Link": "https://www.instacart.com/store/items/4500092?source1=aisle&source2=3618&source3=3618&impressionId=3a382c00-cf9d-45c7-b8b9-33200f0cf922",
   "FIELD9": ""
 },
 {
   "category": "International",
   "subcategory": "More International Foods",
   "name": "Olympic Provisions Salami Nola",
   "price": "11.99",
   "description": "4.2 oz�",
   "image": "https://d2lnr5mha7bycj.cloudfront.net/product-image/file/large_e7775b35-b07b-4169-a5e9-cc2bb9354fc1.jpg",
   "Image 2": "",
   "Product Link": "https://www.instacart.com/store/items/4577088?source1=aisle&source2=3618&source3=3618&impressionId=7f68d435-7239-410c-8739-c347d08cea93",
   "FIELD9": ""
 },
 {
   "category": "International",
   "subcategory": "More International Foods",
   "name": "Casbah Falafel",
   "price": "3.69",
   "description": "10 oz�",
   "image": "https://d2lnr5mha7bycj.cloudfront.net/product-image/file/large_92863e8b-a8a6-4759-af14-1f4d4ca18322.jpg",
   "Image 2": "",
   "Product Link": "https://www.instacart.com/store/items/4467309?source1=aisle&source2=3618&source3=3618&impressionId=222e6d1a-dbb2-485f-b263-98b71fbcb49c",
   "FIELD9": ""
 },
 {
   "category": "International",
   "subcategory": "More International Foods",
   "name": "Cafe Yumm! Roasted Garlic Sauce",
   "price": "6.49",
   "description": "8.2 oz�",
   "image": "https://d2lnr5mha7bycj.cloudfront.net/product-image/file/large_2b3c5e82-1b35-4949-875f-f3cb641b8a87.jpg",
   "Image 2": "",
   "Product Link": "https://www.instacart.com/store/items/4572698?source1=aisle&source2=3618&source3=3618&impressionId=5100798a-0877-444c-bb2d-76e30d9c6391",
   "FIELD9": ""
 },
 {
   "category": "International",
   "subcategory": "More International Foods",
   "name": "Murukku Plain Noodle",
   "price": "3.49",
   "description": "5 oz�",
   "image": "https://d2guulkeunn7d8.cloudfront.net/assets/missing-item-0ca47424f272dd3909349f67e9661183.png",
   "Image 2": "",
   "Product Link": "https://www.instacart.com/store/items/22421646?source1=aisle&source2=3618&source3=3618&impressionId=32975dbd-fca3-453d-8abd-102806902059",
   "FIELD9": ""
 },
 {
   "category": "International",
   "subcategory": "Kosher Foods",
   "name": "Yehuda Matzos",
   "price": "3.37",
   "description": "16 oz�",
   "image": "https://d2lnr5mha7bycj.cloudfront.net/product-image/file/large_72cb75f7-6df0-4685-9fe1-595dbdddcc14.jpg",
   "Image 2": "",
   "Product Link": "https://www.instacart.com/store/items/4478553?source1=aisle&source2=3617&source3=3617&impressionId=651cc9f9-dad2-459a-a979-fc22186731a3",
   "FIELD9": ""
 },
 {
   "category": "Breakfast",
   "subcategory": "Cereal",
   "name": "Honey Nut Cheerios Cereal",
   "price": "3.99",
   "description": "12.25 oz�",
   "image": "https://d2lnr5mha7bycj.cloudfront.net/product-image/file/large_5a79735c-f8b7-41c8-83f6-9ee756f3f7e4.jpg",
   "Image 2": "",
   "Product Link": "https://www.instacart.com/store/items/4483121?source1=aisle&source2=567&source3=567&impressionId=acca130d-fdbe-4179-86da-877d3a90df7b",
   "FIELD9": ""
 },
 {
   "category": "Breakfast",
   "subcategory": "Cereal",
   "name": "Cascadian Farm Organic Cinnamon Crunch Cereal",
   "price": "4.49",
   "description": "9.2 oz�",
   "image": "https://d2lnr5mha7bycj.cloudfront.net/product-image/file/large_36ee53d0-f832-47df-bd94-eccf54cfd6d9.jpg",
   "Image 2": "",
   "Product Link": "https://www.instacart.com/store/items/4528881?source1=aisle&source2=567&source3=567&impressionId=8be58a9d-9f3a-4883-aa0b-75e46f484438",
   "FIELD9": ""
 },
 {
   "category": "Breakfast",
   "subcategory": "Cereal",
   "name": "Cascadian Farm Organic Honey Nut O's Cereal",
   "price": "4.49",
   "description": "9.5 oz�",
   "image": "https://d2lnr5mha7bycj.cloudfront.net/product-image/file/large_37816f9f-f0e5-44d5-a18d-a2638e9352e9.jpg",
   "Image 2": "",
   "Product Link": "https://www.instacart.com/store/items/4527726?source1=aisle&source2=567&source3=567&impressionId=858d82b2-b69a-4b1c-90d3-aeb248cb6a64",
   "FIELD9": ""
 },
 {
   "category": "Breakfast",
   "subcategory": "Cereal",
   "name": "365 Organic Quick Oats",
   "price": "3",
   "description": "18 oz�",
   "image": "https://d2lnr5mha7bycj.cloudfront.net/product-image/file/large_ad76e7cf-9778-48f0-a0ac-17e4e654960a.jpg",
   "Image 2": "",
   "Product Link": "https://www.instacart.com/store/items/4483618?source1=aisle&source2=567&source3=567&impressionId=a4a4cb18-0a96-4ae5-acd8-db5564cd15ec",
   "FIELD9": ""
 },
 {
   "category": "Breakfast",
   "subcategory": "Cereal",
   "name": "365 Organic Raisin Bran Cereal",
   "price": "3.99",
   "description": "15 oz�",
   "image": "https://d2lnr5mha7bycj.cloudfront.net/product-image/file/large_65ffe781-9c6c-4b3a-95a2-9a81d1567b22.jpg",
   "Image 2": "",
   "Product Link": "https://www.instacart.com/store/items/4537682?source1=aisle&source2=567&source3=567&impressionId=b831f448-4f2a-42fd-ab7d-bb8c6417c658",
   "FIELD9": ""
 },
 {
   "category": "Breakfast",
   "subcategory": "Cereal",
   "name": "365 Organic Honey Flakes & Oat Clusters",
   "price": "3.99",
   "description": "12 oz�",
   "image": "https://d2lnr5mha7bycj.cloudfront.net/product-image/file/large_ed440d58-898e-4044-9c6c-12848f67bd1b.jpg",
   "Image 2": "",
   "Product Link": "https://www.instacart.com/store/items/4538113?source1=aisle&source2=567&source3=567&impressionId=178edf78-76fe-4cab-aa3c-37dc883c0406",
   "FIELD9": ""
 },
 {
   "category": "Breakfast",
   "subcategory": "Cereal",
   "name": "365 Organic Honey & Nut Morning O's Cereal",
   "price": "3.99",
   "description": "12.2 oz�",
   "image": "https://d2lnr5mha7bycj.cloudfront.net/product-image/file/large_166580a4-24fd-49b7-b73f-fdfc0c5db257.jpg",
   "Image 2": "",
   "Product Link": "https://www.instacart.com/store/items/11857428?source1=aisle&source2=567&source3=567&impressionId=f82e2b79-b919-4006-82d1-39f9f0bdaf2f",
   "FIELD9": ""
 },
 {
   "category": "Breakfast",
   "subcategory": "Cereal",
   "name": "365 Multigrain Morning O's Cereal",
   "price": "3.69",
   "description": "12.8 oz�",
   "image": "https://d2lnr5mha7bycj.cloudfront.net/product-image/file/large_957cea54-0853-4d53-a361-a209fd27faee.jpg",
   "Image 2": "",
   "Product Link": "https://www.instacart.com/store/items/4538694?source1=aisle&source2=567&source3=567&impressionId=cd4dc5e5-9496-479e-b71b-c20f6fcce8e9",
   "FIELD9": ""
 },
 {
   "category": "Breakfast",
   "subcategory": "Cereal",
   "name": "365 Organic Peanut Butter Balls Cereal",
   "price": "3.99",
   "description": "10 oz�",
   "image": "https://d2lnr5mha7bycj.cloudfront.net/product-image/file/large_ae970a0f-0aaa-476f-a9f9-6f558b2977fa.jpg",
   "Image 2": "",
   "Product Link": "https://www.instacart.com/store/items/4480027?source1=aisle&source2=567&source3=567&impressionId=9ba366c7-ad1e-49fc-b612-df527d20c59b",
   "FIELD9": ""
 },
 {
   "category": "Breakfast",
   "subcategory": "Cereal",
   "name": "365 Organic Morning O's Cereal",
   "price": "3.99",
   "description": "14 oz�",
   "image": "https://d2lnr5mha7bycj.cloudfront.net/product-image/file/large_a3c2751d-2fb8-4f8a-a480-d3e87ba663c6.jpg",
   "Image 2": "",
   "Product Link": "https://www.instacart.com/store/items/4537496?source1=aisle&source2=567&source3=567&impressionId=061f346b-477b-4443-938b-afcfa63c64cd",
   "FIELD9": ""
 },
 {
   "category": "Breakfast",
   "subcategory": "Cereal",
   "name": "Spoonfuls Multigrain Spoonfuls Original Cereal",
   "price": "4.39",
   "description": "14 oz�",
   "image": "https://d2lnr5mha7bycj.cloudfront.net/product-image/file/large_eac3c906-d3bd-4c75-b8b5-aad5970fb85d.jpg",
   "Image 2": "",
   "Product Link": "https://www.instacart.com/store/items/4476625?source1=aisle&source2=567&source3=567&impressionId=bbd8d7b6-7045-4108-b3e0-b65cc801c449",
   "FIELD9": ""
 },
 {
   "category": "Breakfast",
   "subcategory": "Cereal",
   "name": "365 Organic Frosted Flakes Cereal",
   "price": "3.99",
   "description": "10 oz�",
   "image": "https://d2lnr5mha7bycj.cloudfront.net/product-image/file/large_ec9b67a9-4685-486b-a963-df6112cdb134.jpg",
   "Image 2": "",
   "Product Link": "https://www.instacart.com/store/items/4538407?source1=aisle&source2=567&source3=567&impressionId=3e6d519e-5c11-4a6e-8f05-39857a7a5ee6",
   "FIELD9": ""
 },
 {
   "category": "Breakfast",
   "subcategory": "Cereal",
   "name": "365 Organic Corn Flakes Cereal",
   "price": "3.99",
   "description": "12 oz�",
   "image": "https://d2lnr5mha7bycj.cloudfront.net/product-image/file/large_4b86dc8a-1ba2-4e75-aa91-cbe59bb81271.jpg",
   "Image 2": "",
   "Product Link": "https://www.instacart.com/store/items/4538233?source1=aisle&source2=567&source3=567&impressionId=6e887328-e356-4093-92d4-b8d96c716168",
   "FIELD9": ""
 },
 {
   "category": "Breakfast",
   "subcategory": "Cereal",
   "name": "Puffins Original Cereal Display",
   "price": "4.39",
   "description": "10 oz�",
   "image": "https://d2lnr5mha7bycj.cloudfront.net/product-image/file/large_e92a6aa5-b47a-4535-a5c8-d0706829213f.jpg",
   "Image 2": "",
   "Product Link": "https://www.instacart.com/store/items/4476456?source1=aisle&source2=567&source3=567&impressionId=569b46f0-e10c-4a40-a8ed-1bb7dd8c881b",
   "FIELD9": ""
 },
 {
   "category": "Breakfast",
   "subcategory": "Cereal",
   "name": "365 Organic Crunchy Cinnamon Squares Cereal",
   "price": "3.99",
   "description": "10 oz ",
   "image": "https://d2lnr5mha7bycj.cloudfront.net/product-image/file/large_dd0b7a30-de0c-40ad-bc57-863a09e8a0a6.jpg",
   "Image 2": "",
   "Product Link": "https://www.instacart.com/store/items/4529366?source1=aisle&source2=567&source3=567&impressionId=7c3779de-559d-4e9c-894f-ac1529b1c32d",
   "FIELD9": ""
 },
 {
   "category": "Breakfast",
   "subcategory": "Cereal",
   "name": "Kashi Organic Cinnamon Harvest Cereal",
   "price": "4.99",
   "description": "16.3 oz�",
   "image": "https://d2lnr5mha7bycj.cloudfront.net/product-image/file/large_67f25323-6212-4c39-80d1-6037f8a85518.jpg",
   "Image 2": "",
   "Product Link": "https://www.instacart.com/store/items/4543528?source1=aisle&source2=567&source3=567&impressionId=d1aa1c78-768f-406a-ac01-32f0edea4bc9",
   "FIELD9": ""
 },
 {
   "category": "Breakfast",
   "subcategory": "Cereal",
   "name": "Kashi GoLean Crunch Cereal",
   "price": "4.49",
   "description": "13.8 oz�",
   "image": "https://d2lnr5mha7bycj.cloudfront.net/product-image/file/large_de282aec-a67c-4994-869b-10b519454acd.jpg",
   "Image 2": "",
   "Product Link": "https://www.instacart.com/store/items/4530702?source1=aisle&source2=567&source3=567&impressionId=a69554e7-8847-4744-a54a-2600ddb0409d",
   "FIELD9": ""
 },
 {
   "category": "Breakfast",
   "subcategory": "Cereal",
   "name": "Puffins Peanut Butter/Original Cereal Display",
   "price": "4.39",
   "description": "11 oz�",
   "image": "https://d2lnr5mha7bycj.cloudfront.net/product-image/file/large_4cb1d99b-dd15-456a-8fd4-ee5f5c76e5d0.jpg",
   "Image 2": "",
   "Product Link": "https://www.instacart.com/store/items/4475973?source1=aisle&source2=567&source3=567&impressionId=6484c5e2-eb41-499a-8f60-0039d638ead4",
   "FIELD9": ""
 },
 {
   "category": "Breakfast",
   "subcategory": "Cereal",
   "name": "365 Bite Sized Frosted Wheat Squares Cereal",
   "price": "3.69",
   "description": "16 oz�",
   "image": "https://d2lnr5mha7bycj.cloudfront.net/product-image/file/large_31ebc41c-bccd-4388-8195-221690b6ed44.jpg",
   "Image 2": "",
   "Product Link": "https://www.instacart.com/store/items/22057751?source1=aisle&source2=567&source3=567&impressionId=c9a6292a-6acc-493c-a64d-3a72f27e9cf4",
   "FIELD9": ""
 },
 {
   "category": "Breakfast",
   "subcategory": "Cereal",
   "name": "365 Organic Cocoa Rice Crisps Cereal",
   "price": "3.99",
   "description": "10 oz�",
   "image": "https://d2lnr5mha7bycj.cloudfront.net/product-image/file/large_1f3cafcb-9915-4979-9498-10e26815ebf1.jpg",
   "Image 2": "",
   "Product Link": "https://www.instacart.com/store/items/4538779?source1=aisle&source2=567&source3=567&impressionId=9a6eb3bf-f321-4f0c-b836-527c7698989c",
   "FIELD9": ""
 },
 {
   "category": "Breakfast",
   "subcategory": "Hot Cereal & Pancake Mixes",
   "name": "365 Organic Old Fashioned Rolled Oats",
   "price": "3",
   "description": "18 oz�",
   "image": "https://d2lnr5mha7bycj.cloudfront.net/product-image/file/large_298fea92-0e5b-4614-a7d3-7dfa857d3303.jpg",
   "Image 2": "",
   "Product Link": "https://www.instacart.com/store/items/4483534?source1=aisle&source2=565&source3=565&impressionId=e76e8273-e14f-428b-b9c2-868c72b79bb2",
   "FIELD9": ""
 },
 {
   "category": "Breakfast",
   "subcategory": "Hot Cereal & Pancake Mixes",
   "name": "365 Organic Quick Oats",
   "price": "3",
   "description": "18 oz�",
   "image": "https://d2lnr5mha7bycj.cloudfront.net/product-image/file/large_ad76e7cf-9778-48f0-a0ac-17e4e654960a.jpg",
   "Image 2": "",
   "Product Link": "https://www.instacart.com/store/items/4483618?source1=aisle&source2=565&source3=565&impressionId=2925fecd-5ade-4955-be06-c824be83284f",
   "FIELD9": ""
 },
 {
   "category": "Breakfast",
   "subcategory": "Hot Cereal & Pancake Mixes",
   "name": "365 Apple Cinnamon Instant Oatmeal",
   "price": "3.49",
   "description": "11.29 oz�",
   "image": "https://d2lnr5mha7bycj.cloudfront.net/product-image/file/large_f3ca5530-e75d-4535-aa09-ade2f2ba592a.jpg",
   "Image 2": "",
   "Product Link": "https://www.instacart.com/store/items/4483872?source1=aisle&source2=565&source3=565&impressionId=05a6b0b4-1b21-4fc2-80c6-8e6d4cf4632e",
   "FIELD9": ""
 },
 {
   "category": "Breakfast",
   "subcategory": "Hot Cereal & Pancake Mixes",
   "name": "365 Original Instant Oatmeal",
   "price": "3.49",
   "description": "8 x 1.41 oz�",
   "image": "https://d2lnr5mha7bycj.cloudfront.net/product-image/file/large_f7aad925-c715-4b6d-87b4-b713a7c1d504.jpg",
   "Image 2": "",
   "Product Link": "https://www.instacart.com/store/items/4483701?source1=aisle&source2=565&source3=565&impressionId=3226ec5c-1a12-43a6-87be-36259af6bf7a",
   "FIELD9": ""
 },
 {
   "category": "Breakfast",
   "subcategory": "Hot Cereal & Pancake Mixes",
   "name": "365 Organic Instant Oatmeal Variety",
   "price": "3.49",
   "description": "8 x 11.29 oz�",
   "image": "https://d2lnr5mha7bycj.cloudfront.net/product-image/file/large_6e92e210-80bb-4e30-bfea-dfe2ef6b3712.jpg",
   "Image 2": "",
   "Product Link": "https://www.instacart.com/store/items/4483850?source1=aisle&source2=565&source3=565&impressionId=df63b70b-ffec-49c6-897b-9774a29e190e",
   "FIELD9": ""
 },
 {
   "category": "Breakfast",
   "subcategory": "Hot Cereal & Pancake Mixes",
   "name": "365 Steel Cut Oats",
   "price": "3.49",
   "description": "24 oz�",
   "image": "https://d2lnr5mha7bycj.cloudfront.net/product-image/file/large_7e947818-606e-4223-8f52-ba890817142a.jpg",
   "Image 2": "",
   "Product Link": "https://www.instacart.com/store/items/4521017?source1=aisle&source2=565&source3=565&impressionId=f2d4a2d3-d351-47cc-bcfb-2d3041b06c3f",
   "FIELD9": ""
 },
 {
   "category": "Breakfast",
   "subcategory": "Hot Cereal & Pancake Mixes",
   "name": "365 Organic Instant Oatmeal Maple & Spice Naturally Flavored",
   "price": "3.49",
   "description": "8 x 1.41 oz�",
   "image": "https://d2lnr5mha7bycj.cloudfront.net/product-image/file/large_30b204c8-0d99-42fb-b8c5-6cf6f4f91652.jpg",
   "Image 2": "",
   "Product Link": "https://www.instacart.com/store/items/4483771?source1=aisle&source2=565&source3=565&impressionId=24ae7eb7-053c-4422-b945-776f6d4cfd73",
   "FIELD9": ""
 },
 {
   "category": "Breakfast",
   "subcategory": "Hot Cereal & Pancake Mixes",
   "name": "Bob's Red Mill Organic Old Fashioned Rolled Oats Whole Grain",
   "price": "4.99",
   "description": "32 oz�",
   "image": "https://d2lnr5mha7bycj.cloudfront.net/product-image/file/large_c6e9fd4c-7c34-441b-9407-f25dc3b13746.jpg",
   "Image 2": "",
   "Product Link": "https://www.instacart.com/store/items/4482288?source1=aisle&source2=565&source3=565&impressionId=e9dfebb5-dc8b-465f-8fab-93eed85a3689",
   "FIELD9": ""
 },
 {
   "category": "Breakfast",
   "subcategory": "Hot Cereal & Pancake Mixes",
   "name": "365 Organic Buttermilk Pancake & Waffle Mix",
   "price": "3.99",
   "description": "2 lb�",
   "image": "https://d2lnr5mha7bycj.cloudfront.net/product-image/file/large_b223670e-9791-4d3e-9379-cfb54cf85a8e.jpg",
   "Image 2": "",
   "Product Link": "https://www.instacart.com/store/items/4476321?source1=aisle&source2=565&source3=565&impressionId=ba456c95-5964-4e05-8018-c58ea8ea530b",
   "FIELD9": ""
 },
 {
   "category": "Breakfast",
   "subcategory": "Hot Cereal & Pancake Mixes",
   "name": "365 Oats & Flax Instant Oatmeal",
   "price": "3.49",
   "description": "8 x 11.29 oz�",
   "image": "https://d2lnr5mha7bycj.cloudfront.net/product-image/file/large_abcf7614-067d-43d7-b964-5025ae249a64.jpg",
   "Image 2": "",
   "Product Link": "https://www.instacart.com/store/items/4483970?source1=aisle&source2=565&source3=565&impressionId=4061b8a6-d2cf-4c8e-9d7a-f0083b0541b2",
   "FIELD9": ""
 },
 {
   "category": "Breakfast",
   "subcategory": "Hot Cereal & Pancake Mixes",
   "name": "365 Organic Old Fashioned Rolled Oats",
   "price": "5.99",
   "description": "42 oz�",
   "image": "https://d2lnr5mha7bycj.cloudfront.net/product-image/file/large_7cec84f3-8e85-4c5d-93d0-8a1a0264bd6f.jpg",
   "Image 2": "",
   "Product Link": "https://www.instacart.com/store/items/79542050?source1=aisle&source2=565&source3=565&impressionId=a6a417ba-dfa6-453f-a6b8-78f8b926b20c",
   "FIELD9": ""
 },
 {
   "category": "Breakfast",
   "subcategory": "Hot Cereal & Pancake Mixes",
   "name": "Nature's Path Brown Sugar Maple Oatmeal with Ancient Grains",
   "price": "4.99",
   "description": "8 ct�",
   "image": "https://d2lnr5mha7bycj.cloudfront.net/product-image/file/large_7744ecc1-eef3-41ef-8f8c-83c39c6fabff.jpg",
   "Image 2": "",
   "Product Link": "https://www.instacart.com/store/items/4517062?source1=aisle&source2=565&source3=565&impressionId=9dbee42d-2975-4caf-aa86-ba416aef21a7",
   "FIELD9": ""
 },
 {
   "category": "Breakfast",
   "subcategory": "Hot Cereal & Pancake Mixes",
   "name": "365 Cinnamon & Spice Instant Oatmeal",
   "price": "3.49",
   "description": "11.29 oz�",
   "image": "https://d2lnr5mha7bycj.cloudfront.net/product-image/file/large_2f5d83b5-5069-4194-b33b-27c707c8449d.jpg",
   "Image 2": "",
   "Product Link": "https://www.instacart.com/store/items/4521260?source1=aisle&source2=565&source3=565&impressionId=2c626536-24d5-4009-8c7b-141123778e65",
   "FIELD9": ""
 },
 {
   "category": "Breakfast",
   "subcategory": "Hot Cereal & Pancake Mixes",
   "name": "Arrowhead Mills Pancake & Waffle Mix Buttermilk",
   "price": "4.99",
   "description": "26 oz�",
   "image": "https://d2lnr5mha7bycj.cloudfront.net/product-image/file/large_63b4459b-096d-496f-83ed-9caa49a05e25.jpg",
   "Image 2": "",
   "Product Link": "https://www.instacart.com/store/items/4477559?source1=aisle&source2=565&source3=565&impressionId=93cf77d0-9500-4f18-8efe-c3c2f25a80e0",
   "FIELD9": ""
 },
 {
   "category": "Breakfast",
   "subcategory": "Hot Cereal & Pancake Mixes",
   "name": "Pacific Organic Oat Original Non-Dairy Beverage",
   "price": "2.99",
   "description": "32 oz�",
   "image": "https://d2lnr5mha7bycj.cloudfront.net/product-image/file/large_6cadd580-31a2-40fb-acec-5ba203349da0.jpg",
   "Image 2": "",
   "Product Link": "https://www.instacart.com/store/items/4464893?source1=aisle&source2=565&source3=565&impressionId=8f43bf52-948a-455c-8fe1-5cdd7ce27c04",
   "FIELD9": ""
 },
 {
   "category": "Breakfast",
   "subcategory": "Hot Cereal & Pancake Mixes",
   "name": "365 Organic Quick Cook Steel Cut Oats",
   "price": "3.69",
   "description": "24 oz�",
   "image": "https://d2lnr5mha7bycj.cloudfront.net/product-image/file/large_85247d31-908e-4040-9cb5-6cfdc1d6bf8d.jpg",
   "Image 2": "",
   "Product Link": "https://www.instacart.com/store/items/53417979?source1=aisle&source2=565&source3=565&impressionId=588759a3-cf12-4c44-b053-dd7ea36c4705",
   "FIELD9": ""
 },
 {
   "category": "Breakfast",
   "subcategory": "Hot Cereal & Pancake Mixes",
   "name": "Nature's Path Organic Hot Oatmeal Original - 8 CT",
   "price": "4.39",
   "description": "14 oz�",
   "image": "https://d2lnr5mha7bycj.cloudfront.net/product-image/file/large_b28d8165-0d86-4719-a995-3a63c74f07eb.jpg",
   "Image 2": "",
   "Product Link": "https://www.instacart.com/store/items/4478920?source1=aisle&source2=565&source3=565&impressionId=5eaf1273-306e-437b-bc45-7fb111435341",
   "FIELD9": ""
 },
 {
   "category": "Breakfast",
   "subcategory": "Hot Cereal & Pancake Mixes",
   "name": "365 Organic Quick Oats",
   "price": "5.99",
   "description": "42 oz�",
   "image": "https://d2lnr5mha7bycj.cloudfront.net/product-image/file/large_f9fc02f5-5ee2-483e-8df6-b7887d58cf3a.jpg",
   "Image 2": "",
   "Product Link": "https://www.instacart.com/store/items/81228383?source1=aisle&source2=565&source3=565&impressionId=e5293d35-64bf-4f0f-8d43-e62ceef6e99d",
   "FIELD9": ""
 },
 {
   "category": "Breakfast",
   "subcategory": "Hot Cereal & Pancake Mixes",
   "name": "Bob's Red Mill Organic Whole Grain Steel Cut Oats",
   "price": "4.39",
   "description": "24 oz�",
   "image": "https://d2lnr5mha7bycj.cloudfront.net/product-image/file/large_d0896707-f862-4fb2-b9aa-ec77c1ec9dd4.jpg",
   "Image 2": "",
   "Product Link": "https://www.instacart.com/store/items/4483052?source1=aisle&source2=565&source3=565&impressionId=7d418975-912f-468f-99fc-2b05a8872b4a",
   "FIELD9": ""
 },
 {
   "category": "Breakfast",
   "subcategory": "Hot Cereal & Pancake Mixes",
   "name": "Nature's Path Organic Optimum Power Blueberry Cinnamon Flax Hot Oatmeal",
   "price": "4.39",
   "description": "8 ct�",
   "image": "https://d2lnr5mha7bycj.cloudfront.net/product-image/file/large_8280edff-b2b0-4ef4-ba2b-d49e87074a0d.jpg",
   "Image 2": "",
   "Product Link": "https://www.instacart.com/store/items/4478843?source1=aisle&source2=565&source3=565&impressionId=cf970c99-48eb-41ce-8eff-8e6b4f2fe87c",
   "FIELD9": ""
 },
 {
   "category": "Breakfast",
   "subcategory": "Granola",
   "name": "Cascadian Farm Organic Oats & Honey Granola",
   "price": "4.69",
   "description": "16 oz�",
   "image": "https://d2lnr5mha7bycj.cloudfront.net/product-image/file/large_1b3b975d-3398-4f5f-a4ee-c0295c2a875d.jpg",
   "Image 2": "",
   "Product Link": "https://www.instacart.com/store/items/26140759?source1=aisle&source2=566&source3=566&impressionId=b9a78a75-18b8-4293-b6a7-4363aee847a3",
   "FIELD9": ""
 },
 {
   "category": "Breakfast",
   "subcategory": "Granola",
   "name": "Cascadian Farm Organic Cinnamon Raisin Granola",
   "price": "4.69",
   "description": "15.6 oz�",
   "image": "https://d2lnr5mha7bycj.cloudfront.net/product-image/file/large_f00c2c04-7a7c-444f-8d42-bb34662e84e8.JPG",
   "Image 2": "",
   "Product Link": "https://www.instacart.com/store/items/4527567?source1=aisle&source2=566&source3=566&impressionId=20e63303-b2d4-4d6a-8fa3-7595c012f7aa",
   "FIELD9": ""
 },
 {
   "category": "Breakfast",
   "subcategory": "Granola",
   "name": "365 Organic Oat & Honey Granola",
   "price": "3.99",
   "description": "17 oz�",
   "image": "https://d2lnr5mha7bycj.cloudfront.net/product-image/file/large_a26cdf22-386a-4b97-8ddd-86fd78f1ea40.jpg",
   "Image 2": "",
   "Product Link": "https://www.instacart.com/store/items/4529001?source1=aisle&source2=566&source3=566&impressionId=4a994b9d-04a5-45aa-bd2a-a3797feee69e",
   "FIELD9": ""
 },
 {
   "category": "Breakfast",
   "subcategory": "Granola",
   "name": "365 Organic Fruit And Nut Granola Cereal",
   "price": "3.99",
   "description": "17 oz�",
   "image": "https://d2lnr5mha7bycj.cloudfront.net/product-image/file/large_9acb4154-d96b-4e3d-9f4d-15a980e10623.jpg",
   "Image 2": "",
   "Product Link": "https://www.instacart.com/store/items/4529128?source1=aisle&source2=566&source3=566&impressionId=4fbc4a7b-58bf-4d7f-a803-8637066f5a21",
   "FIELD9": ""
 },
 {
   "category": "Breakfast",
   "subcategory": "Granola",
   "name": "Purely Elizabeth Ancient Grain Granola Original",
   "price": "7.49",
   "description": "12 oz�",
   "image": "https://d2lnr5mha7bycj.cloudfront.net/product-image/file/large_a5672734-a6bc-41af-826f-93f1192a847c.jpg",
   "Image 2": "",
   "Product Link": "https://www.instacart.com/store/items/28892583?source1=aisle&source2=566&source3=566&impressionId=879c15e6-4bc5-4394-9bdf-771d6531380f",
   "FIELD9": ""
 },
 {
   "category": "Breakfast",
   "subcategory": "Granola",
   "name": "Nature's Path Organic Flax Plus Granola Pumpkin",
   "price": "3.99",
   "description": "11.5 oz�",
   "image": "https://d2lnr5mha7bycj.cloudfront.net/product-image/file/large_6982bfaa-7dbb-4acb-b434-eea5bcc4afb9.jpg",
   "Image 2": "",
   "Product Link": "https://www.instacart.com/store/items/4478135?source1=aisle&source2=566&source3=566&impressionId=1bcdd14a-6471-48da-9b28-c023241e5bb1",
   "FIELD9": ""
 },
 {
   "category": "Breakfast",
   "subcategory": "Granola",
   "name": "Kind Healthy Grains Vanilla Blueberry with Flax Seeds Clusters",
   "price": "5.99",
   "description": "11 oz�",
   "image": "https://d2lnr5mha7bycj.cloudfront.net/product-image/file/large_9f2f9bfa-642e-40d8-a92e-2de5ae62476d.jpg",
   "Image 2": "",
   "Product Link": "https://www.instacart.com/store/items/4530899?source1=aisle&source2=566&source3=566&impressionId=e6bf6038-093d-48a0-a617-3532c971c589",
   "FIELD9": ""
 },
 {
   "category": "Breakfast",
   "subcategory": "Granola",
   "name": "Kind Healthy Grains Cinnamon Oat with Flax Seeds Clusters",
   "price": "5.99",
   "description": "11 oz�",
   "image": "https://d2lnr5mha7bycj.cloudfront.net/product-image/file/large_346aadef-2d9a-44bb-be97-5fd52a45f69e.jpg",
   "Image 2": "",
   "Product Link": "https://www.instacart.com/store/items/4529812?source1=aisle&source2=566&source3=566&impressionId=e15846cf-fc4f-4880-8d80-5007c4b1a552",
   "FIELD9": ""
 },
 {
   "category": "Breakfast",
   "subcategory": "Granola",
   "name": "365 Organic Raisin Granola",
   "price": "3.99",
   "description": "17 oz�",
   "image": "https://d2lnr5mha7bycj.cloudfront.net/product-image/file/large_e29b29c2-f200-4ac9-9087-4b891da9795e.jpg",
   "Image 2": "",
   "Product Link": "https://www.instacart.com/store/items/4528903?source1=aisle&source2=566&source3=566&impressionId=d7d96067-e267-4c34-a197-542de8663363",
   "FIELD9": ""
 },
 {
   "category": "Breakfast",
   "subcategory": "Granola",
   "name": "Kind Healthy Grains Peanut Butter Whole Grain Clusters",
   "price": "5.99",
   "description": "11 oz�",
   "image": "https://d2lnr5mha7bycj.cloudfront.net/product-image/file/large_92858540-03c3-4d4d-9691-ec7538ad284a.jpg",
   "Image 2": "",
   "Product Link": "https://www.instacart.com/store/items/4530170?source1=aisle&source2=566&source3=566&impressionId=98b7c110-1c49-477e-9287-7afb57ac61c2",
   "FIELD9": ""
 },
 {
   "category": "Breakfast",
   "subcategory": "Granola",
   "name": "Kind Healthy Grains Oats & Honey with Toasted Coconut Clusters",
   "price": "5.99",
   "description": "11 oz�",
   "image": "https://d2lnr5mha7bycj.cloudfront.net/product-image/file/large_14e84b7e-26bb-4eda-a9ad-353fa724bf14.jpg",
   "Image 2": "",
   "Product Link": "https://www.instacart.com/store/items/21861103?source1=aisle&source2=566&source3=566&impressionId=ba02082c-b9e5-4805-91d0-d62b4b18d313",
   "FIELD9": ""
 },
 {
   "category": "Breakfast",
   "subcategory": "Granola",
   "name": "Udi's Gluten Free Original Granola",
   "price": "6.49",
   "description": "12 oz�",
   "image": "https://d2lnr5mha7bycj.cloudfront.net/product-image/file/large_44e7fcf1-f82e-4eb7-9d89-8867c76aefa0.JPG",
   "Image 2": "",
   "Product Link": "https://www.instacart.com/store/items/4518840?source1=aisle&source2=566&source3=566&impressionId=b7f00317-29a2-4a38-bf25-7ce7bc50af41",
   "FIELD9": ""
 },
 {
   "category": "Breakfast",
   "subcategory": "Granola",
   "name": "Purely Elizabeth Blueberry Hemp Ancient Grain Granola",
   "price": "7.49",
   "description": "12 oz�",
   "image": "https://d2lnr5mha7bycj.cloudfront.net/product-image/file/large_d7c81eef-b270-4667-9017-e3dfbb9ab10e.jpg",
   "Image 2": "",
   "Product Link": "https://www.instacart.com/store/items/4542125?source1=aisle&source2=566&source3=566&impressionId=44c48d0d-0bf8-424d-af2f-4e6a5b98d3f1",
   "FIELD9": ""
 },
 {
   "category": "Breakfast",
   "subcategory": "Granola",
   "name": "Nature's Path Organic Hemp Plus Granola Cereal",
   "price": "3.99",
   "description": "11.5 oz�",
   "image": "https://d2lnr5mha7bycj.cloudfront.net/product-image/file/large_895ee0f0-a220-4fda-afdb-2d3b5996540c.jpg",
   "Image 2": "",
   "Product Link": "https://www.instacart.com/store/items/4478211?source1=aisle&source2=566&source3=566&impressionId=d19a93e8-8ab4-4b21-9073-68cca43d1bd7",
   "FIELD9": ""
 },
 {
   "category": "Breakfast",
   "subcategory": "Granola",
   "name": "Kind Healthy Grains Maple Quinoa Clusters with Chia Seeds Granola",
   "price": "5.99",
   "description": "11 oz�",
   "image": "https://d2lnr5mha7bycj.cloudfront.net/product-image/file/large_8f26660c-9a6d-47a2-9ef0-15c284a264cc.JPG",
   "Image 2": "",
   "Product Link": "https://www.instacart.com/store/items/4535027?source1=aisle&source2=566&source3=566&impressionId=f9251ca0-c238-4059-9101-7766d9b49bfb",
   "FIELD9": ""
 },
 {
   "category": "Breakfast",
   "subcategory": "Granola",
   "name": "Purely Elizabeth Pumpkin Fig Ancient Grain Granola",
   "price": "7.49",
   "description": "12 oz�",
   "image": "https://d2lnr5mha7bycj.cloudfront.net/product-image/file/large_568d68ff-4e5f-47d5-bf2a-14ea6d936250.jpg",
   "Image 2": "",
   "Product Link": "https://www.instacart.com/store/items/4542174?source1=aisle&source2=566&source3=566&impressionId=e8be3fff-fbba-414f-937d-2373e4227f13",
   "FIELD9": ""
 },
 {
   "category": "Breakfast",
   "subcategory": "Granola",
   "name": "Nature's Path Organic Chia Plus Granola Coconut Chia",
   "price": "3.99",
   "description": "12.34 oz�",
   "image": "https://d2lnr5mha7bycj.cloudfront.net/product-image/file/large_d7ef51dd-fd9c-4059-9f40-2f350b079611.jpg",
   "Image 2": "",
   "Product Link": "https://www.instacart.com/store/items/4541483?source1=aisle&source2=566&source3=566&impressionId=21e01742-1fdd-4760-92c5-f50056b86672",
   "FIELD9": ""
 },
 {
   "category": "Breakfast",
   "subcategory": "Granola",
   "name": "Purely Elizabeth Cranberry Pecan Ancient Grain Granola",
   "price": "7.49",
   "description": "12 oz�",
   "image": "https://d2lnr5mha7bycj.cloudfront.net/product-image/file/large_baf9eaed-2ae8-4dd1-8142-5784d28ad159.jpg",
   "Image 2": "",
   "Product Link": "https://www.instacart.com/store/items/4542327?source1=aisle&source2=566&source3=566&impressionId=f350814f-ee0f-443c-855d-2a5f1487cd3c",
   "FIELD9": ""
 },
 {
   "category": "Breakfast",
   "subcategory": "Granola",
   "name": "Udi's Gluten Free Vanilla Granola",
   "price": "6.49",
   "description": "12 oz�",
   "image": "https://d2lnr5mha7bycj.cloudfront.net/product-image/file/large_cae7b62c-d4ef-4c6a-9ebd-665245f61e14.jpg",
   "Image 2": "",
   "Product Link": "https://www.instacart.com/store/items/4518661?source1=aisle&source2=566&source3=566&impressionId=43a36e82-8e04-4675-9318-49702f9229b0",
   "FIELD9": ""
 },
 {
   "category": "Breakfast",
   "subcategory": "Granola",
   "name": "Nature's Path Organic Crunchy Granola Honey Almond",
   "price": "5.99",
   "description": "11.0 oz�",
   "image": "https://d2lnr5mha7bycj.cloudfront.net/product-image/file/large_a6606afe-348b-4905-a91f-9e73d521e934.jpg",
   "Image 2": "",
   "Product Link": "https://www.instacart.com/store/items/15352918?source1=aisle&source2=566&source3=566&impressionId=c2ea7b91-1806-4564-b658-9d101cae3780",
   "FIELD9": ""
 },
 {
   "category": "Breakfast",
   "subcategory": "Breakfast Bars & Pastries",
   "name": "365 Strawberry Cereal Bar",
   "price": "2.29",
   "description": "6 x 1.31 oz�",
   "image": "https://d2lnr5mha7bycj.cloudfront.net/product-image/file/large_16f697aa-4e35-4506-9384-35e521abdd63.jpg",
   "Image 2": "",
   "Product Link": "https://www.instacart.com/store/items/4488679?source1=aisle&source2=3610&source3=3610&impressionId=081a70ef-b7ff-43e4-9c3b-68ac138aefda",
   "FIELD9": ""
 },
 {
   "category": "Breakfast",
   "subcategory": "Breakfast Bars & Pastries",
   "name": "365 Blueberry Cereal Bars",
   "price": "2.29",
   "description": "7.9 oz�",
   "image": "https://d2lnr5mha7bycj.cloudfront.net/product-image/file/large_03549505-77b2-437f-9698-09692b04960e.jpg",
   "Image 2": "",
   "Product Link": "https://www.instacart.com/store/items/4488742?source1=aisle&source2=3610&source3=3610&impressionId=7434a393-1457-4580-8c35-d13960421977",
   "FIELD9": ""
 },
 {
   "category": "Breakfast",
   "subcategory": "Breakfast Bars & Pastries",
   "name": "365 Apple Cereal Bars",
   "price": "2.29",
   "description": "6 x 1.31 oz�",
   "image": "https://d2lnr5mha7bycj.cloudfront.net/product-image/file/large_7ad89847-9406-4ef5-b4b9-604c50b05c15.jpg",
   "Image 2": "",
   "Product Link": "https://www.instacart.com/store/items/4488762?source1=aisle&source2=3610&source3=3610&impressionId=887d943f-9025-41de-9245-48d9a9d9e0a5",
   "FIELD9": ""
 },
 {
   "category": "Breakfast",
   "subcategory": "Breakfast Bars & Pastries",
   "name": "365 Mixed Berry Cereal Bar",
   "price": "2.29",
   "description": "6 ct�",
   "image": "https://d2lnr5mha7bycj.cloudfront.net/product-image/file/large_b81b0269-da86-424f-9e66-ec6a60041341.jpg",
   "Image 2": "",
   "Product Link": "https://www.instacart.com/store/items/4488727?source1=aisle&source2=3610&source3=3610&impressionId=9cdab058-6bc0-4aad-add8-0b593aae3f08",
   "FIELD9": ""
 },
 {
   "category": "Breakfast",
   "subcategory": "Breakfast Bars & Pastries",
   "name": "Nature's Path Organic Frosted berry Strawberry Toaster Pastries",
   "price": "3.99",
   "description": "6 ct�",
   "image": "https://d2lnr5mha7bycj.cloudfront.net/product-image/file/large_ef32e37e-361b-43ab-9b37-528d687f4e51.png",
   "Image 2": "",
   "Product Link": "https://www.instacart.com/store/items/21011554?source1=aisle&source2=3610&source3=3610&impressionId=9973f6e7-cdb1-43e9-bac4-c4cb19f3d2ef",
   "FIELD9": ""
 },
 {
   "category": "Breakfast",
   "subcategory": "Breakfast Bars & Pastries",
   "name": "Nature's Bakery Fig Bar Blueberry - 6 CT",
   "price": "4.99",
   "description": "12 oz�",
   "image": "https://d2lnr5mha7bycj.cloudfront.net/product-image/file/large_710648e5-f404-4cc3-97a1-56d4346b0ba9.jpg",
   "Image 2": "",
   "Product Link": "https://www.instacart.com/store/items/4517288?source1=aisle&source2=3610&source3=3610&impressionId=7d712e9a-e715-4cbe-90c5-92787d4c2b18",
   "FIELD9": ""
 },
 {
   "category": "Breakfast",
   "subcategory": "Breakfast Bars & Pastries",
   "name": "Nature's Path Organic Toaster Pastries Frosted Mmmaple Brown Sugar - 6 CT",
   "price": "3.99",
   "description": "11.0 oz�",
   "image": "https://d2lnr5mha7bycj.cloudfront.net/product-image/file/large_b5b33a53-0cdf-47d7-8996-d8d493de3b0c.jpg",
   "Image 2": "",
   "Product Link": "https://www.instacart.com/store/items/4458226?source1=aisle&source2=3610&source3=3610&impressionId=0a256a88-3191-4e11-8e11-ce2a490e65b1",
   "FIELD9": ""
 },
 {
   "category": "Breakfast",
   "subcategory": "Breakfast Bars & Pastries",
   "name": "Nature's Path Organic Frosted Wildberry Acai Toaster Pastries",
   "price": "3.99",
   "description": "11 oz�",
   "image": "https://d2lnr5mha7bycj.cloudfront.net/product-image/file/large_b6cfbe5e-f6a2-4828-806e-390883283474.jpg",
   "Image 2": "",
   "Product Link": "https://www.instacart.com/store/items/4458011?source1=aisle&source2=3610&source3=3610&impressionId=7817a0e4-bf09-4020-b7b6-7524f4482a73",
   "FIELD9": ""
 },
 {
   "category": "Breakfast",
   "subcategory": "Breakfast Bars & Pastries",
   "name": "Nature's Bakery Fig Bar Raspberry - 6 CT",
   "price": "4.69",
   "description": "CT",
   "image": "https://d2lnr5mha7bycj.cloudfront.net/product-image/file/large_3f05636c-6ee2-4f3d-bd1d-717e5104f9a4.jpg",
   "Image 2": "",
   "Product Link": "https://www.instacart.com/store/items/4517284?source1=aisle&source2=3610&source3=3610&impressionId=3830ed3d-256b-4d3b-a0cf-366bf383ba93",
   "FIELD9": ""
 },
 {
   "category": "Breakfast",
   "subcategory": "Breakfast Bars & Pastries",
   "name": "RXBAR Maple Sea Salt",
   "price": "2.99",
   "description": "1.83 oz�",
   "image": "https://d2lnr5mha7bycj.cloudfront.net/product-image/file/large_a776239c-5a5b-4725-a17f-faee9ab6b6ef.jpg",
   "Image 2": "",
   "Product Link": "https://www.instacart.com/store/items/79543016?source1=aisle&source2=3610&source3=3610&impressionId=f3037a8a-f4dc-49b1-b5af-ea5e747b8a47",
   "FIELD9": ""
 },
 {
   "category": "Breakfast",
   "subcategory": "Breakfast Bars & Pastries",
   "name": "Nature's Path Organic Razzi Raspberry Frosted Toaster Pastries 6 Count",
   "price": "3.99",
   "description": "11 oz�",
   "image": "https://d2lnr5mha7bycj.cloudfront.net/product-image/file/large_1283c397-1598-4338-8689-4782da571b5c.jpg",
   "Image 2": "",
   "Product Link": "https://www.instacart.com/store/items/4457866?source1=aisle&source2=3610&source3=3610&impressionId=94920316-0252-4c30-a61e-a9b0095df8e5",
   "FIELD9": ""
 },
 {
   "category": "Breakfast",
   "subcategory": "Breakfast Bars & Pastries",
   "name": "Nature's Path Frosted Cherry Pomegranate Toaster Pastries",
   "price": "3.99",
   "description": "11 oz�",
   "image": "https://d2lnr5mha7bycj.cloudfront.net/product-image/file/large_ddcb859d-521e-4003-aa46-73292b800a23.jpeg",
   "Image 2": "",
   "Product Link": "https://www.instacart.com/store/items/8468383?source1=aisle&source2=3610&source3=3610&impressionId=b2d2fa82-262f-4580-b25f-78a5eef42097",
   "FIELD9": ""
 },
 {
   "category": "Breakfast",
   "subcategory": "Breakfast Bars & Pastries",
   "name": "Nature's Path Organic Envirokidz Crispy Rice Bars Chocolate - 6 CT",
   "price": "4.39",
   "description": "6 x 6 oz�",
   "image": "https://d2lnr5mha7bycj.cloudfront.net/product-image/file/large_e468881a-2e3d-4f6d-aa29-b7bf332c52cd.jpg",
   "Image 2": "",
   "Product Link": "https://www.instacart.com/store/items/4457570?source1=aisle&source2=3610&source3=3610&impressionId=99f0bad6-15e0-434b-9421-1fdfc9fe1233",
   "FIELD9": ""
 },
 {
   "category": "Breakfast",
   "subcategory": "Breakfast Bars & Pastries",
   "name": "Nature's Path Unfrosted Strawberry Toaster Pastries",
   "price": "3.69",
   "description": "6 x 1.83 oz�",
   "image": "https://d2lnr5mha7bycj.cloudfront.net/product-image/file/large_c9ae8078-d155-4925-97d5-1875b96ec6d6.jpg",
   "Image 2": "",
   "Product Link": "https://www.instacart.com/store/items/4458584?source1=aisle&source2=3610&source3=3610&impressionId=a21edef2-61d6-4cfb-b9e4-fff4f57edf0c",
   "FIELD9": ""
 },
 {
   "category": "Breakfast",
   "subcategory": "Breakfast Bars & Pastries",
   "name": "Nature's Path Organic Toaster Pastries Frosted Lotta Chocolotta - 6 CT",
   "price": "3.99",
   "description": "6 x 11.0 oz�",
   "image": "https://d2lnr5mha7bycj.cloudfront.net/product-image/file/large_4a0b0cc4-d635-4b7f-9f8d-5737c3eb61aa.jpg",
   "Image 2": "",
   "Product Link": "https://www.instacart.com/store/items/8468374?source1=aisle&source2=3610&source3=3610&impressionId=57a82e02-d25a-4e0d-8aba-3e9093f60d5a",
   "FIELD9": ""
 },
 {
   "category": "Breakfast",
   "subcategory": "Breakfast Bars & Pastries",
   "name": "Pamela's Whenever Bars Oat Blueberry Lemon",
   "price": "4.99",
   "description": "5 ct�",
   "image": "https://d2lnr5mha7bycj.cloudfront.net/product-image/file/large_3f56b57b-9484-46ee-a6e6-077ee0c6f6b6.jpg",
   "Image 2": "",
   "Product Link": "https://www.instacart.com/store/items/4526351?source1=aisle&source2=3610&source3=3610&impressionId=ea1f7f50-b5d5-4017-bc04-8453e8228020",
   "FIELD9": ""
 },
 {
   "category": "Breakfast",
   "subcategory": "Breakfast Bars & Pastries",
   "name": "IGA Chocolate Chewy Granola Bars",
   "price": "4.69",
   "description": "8.4 oz�",
   "image": "https://d2lnr5mha7bycj.cloudfront.net/product-image/file/large_e1636c4b-034a-453d-bd59-8470cd5891c7.jpg",
   "Image 2": "",
   "Product Link": "https://www.instacart.com/store/items/29664046?source1=aisle&source2=3610&source3=3610&impressionId=6d226ad1-2848-4e3b-b703-2ea4f78af1af",
   "FIELD9": ""
 },
 {
   "category": "Breakfast",
   "subcategory": "Breakfast Bars & Pastries",
   "name": "Glutino Gluten Free Frosted Strawberry Toaster Pastry",
   "price": "5.49",
   "description": "5 x 2.18 oz�",
   "image": "https://d2lnr5mha7bycj.cloudfront.net/product-image/file/large_d94dcb26-75e8-47c1-a599-722a09c056f6.JPG",
   "Image 2": "",
   "Product Link": "https://www.instacart.com/store/items/24983122?source1=aisle&source2=3610&source3=3610&impressionId=22cf7c0e-1306-4ecd-9f4a-b1fa9bb015cd",
   "FIELD9": ""
 },
 {
   "category": "Breakfast",
   "subcategory": "Breakfast Bars & Pastries",
   "name": "Nature's Bakery Fig Bar Apple Cinnamon - 6 CT",
   "price": "4.69",
   "description": "6 x 2.0 oz�",
   "image": "https://d2lnr5mha7bycj.cloudfront.net/product-image/file/large_c7757c4f-e36a-4185-8b64-8a9e3734710b.jpg",
   "Image 2": "",
   "Product Link": "https://www.instacart.com/store/items/4517362?source1=aisle&source2=3610&source3=3610&impressionId=8242e7f8-0b8e-42e5-bd06-efb1deb15013",
   "FIELD9": ""
 },
 {
   "category": "Breakfast",
   "subcategory": "Breakfast Bars & Pastries",
   "name": "Go Raw Banana Bread Sprouted Bar",
   "price": "2.99",
   "description": "1.2 oz�",
   "image": "https://d2lnr5mha7bycj.cloudfront.net/product-image/file/large_a3487772-b0bb-4d8e-bea4-24b2ca5932c4.jpg",
   "Image 2": "",
   "Product Link": "https://www.instacart.com/store/items/4572517?source1=aisle&source2=3610&source3=3610&impressionId=b2ac1c6c-68be-4a81-9920-53eff570c313",
   "FIELD9": ""
 },
 {
   "category": "Personal Care",
   "subcategory": "Skin Care",
   "name": "Thayers Alcohol-Free Witch Hazel Rose Petal Toner",
   "price": "10.99",
   "description": "12 oz�",
   "image": "https://d2lnr5mha7bycj.cloudfront.net/product-image/file/large_ebb181ef-1a5a-4471-8f02-ac63299250d1.jpg",
   "Image 2": "",
   "Product Link": "https://www.instacart.com/store/items/4485801?source1=aisle&source2=1332&source3=1332&impressionId=6b8173c2-e146-45ab-9e22-4f877208176a",
   "FIELD9": ""
 },
 {
   "category": "Personal Care",
   "subcategory": "Skin Care",
   "name": "365 Sandalwood Foaming Hand Soap",
   "price": "3.99",
   "description": "12 fl oz�",
   "image": "https://d2lnr5mha7bycj.cloudfront.net/product-image/file/large_b8c74b5b-7fe8-48f0-8e27-bf099318b816.jpg",
   "Image 2": "",
   "Product Link": "https://www.instacart.com/store/items/44280155?source1=aisle&source2=1332&source3=1332&impressionId=18946a2e-3311-4053-83f6-69c295c92b22",
   "FIELD9": ""
 },
 {
   "category": "Personal Care",
   "subcategory": "Skin Care",
   "name": "Acure Brightening Facial Scrub Sea Kelp + CGF",
   "price": "9.99",
   "description": "4 oz�",
   "image": "https://d2lnr5mha7bycj.cloudfront.net/product-image/file/large_76065d31-a213-4912-81d1-a06984816222.jpg",
   "Image 2": "",
   "Product Link": "https://www.instacart.com/store/items/4547560?source1=aisle&source2=1332&source3=1332&impressionId=156c8798-2aea-4541-807f-211525b56196",
   "FIELD9": ""
 },
 {
   "category": "Personal Care",
   "subcategory": "Skin Care",
   "name": "EO Lavender Hand Sanitizer",
   "price": "4.99",
   "description": "2 oz�",
   "image": "https://d2lnr5mha7bycj.cloudfront.net/product-image/file/large_3dc25f8c-b3d7-4ee7-b4b1-3eb296317b0d.jpg",
   "Image 2": "",
   "Product Link": "https://www.instacart.com/store/items/25172015?source1=aisle&source2=1332&source3=1332&impressionId=29373d0c-b590-4197-ab69-8e9183e767d6",
   "FIELD9": ""
 },
 {
   "category": "Personal Care",
   "subcategory": "Skin Care",
   "name": "Burt's Bees Lip Balm, Beeswax",
   "price": "3.49",
   "description": "0.15 oz�",
   "image": "https://d2lnr5mha7bycj.cloudfront.net/product-image/file/large_ef7f564d-435c-47f6-a418-f04b4c3a78aa.jpg",
   "Image 2": "",
   "Product Link": "https://www.instacart.com/store/items/4564765?source1=aisle&source2=1332&source3=1332&impressionId=09ec8b79-ad7e-4c98-a71e-c59d988973cc",
   "FIELD9": ""
 },
 {
   "category": "Personal Care",
   "subcategory": "Skin Care",
   "name": "365 Daily Facial Cleanser\n",
   "price": "5.99",
   "description": "16 fl oz�",
   "image": "https://d2lnr5mha7bycj.cloudfront.net/product-image/file/large_927f1fbf-332f-4b45-a2d7-3b659fa6760f.jpg",
   "Image 2": "",
   "Product Link": "https://www.instacart.com/store/items/4565703?source1=aisle&source2=1332&source3=1332&impressionId=e9909ae7-0d54-48f3-9f13-6f88ab8a5e10",
   "FIELD9": ""
 },
 {
   "category": "Personal Care",
   "subcategory": "Skin Care",
   "name": "Twist Loofah Sponges - 2 CT\n",
   "price": "4.99",
   "description": "1 ea�",
   "image": "https://d2lnr5mha7bycj.cloudfront.net/product-image/file/large_68031a66-53fe-4def-a858-084955b7b8aa.jpg",
   "Image 2": "",
   "Product Link": "https://www.instacart.com/store/items/4539449?source1=aisle&source2=1332&source3=1332&impressionId=e61d1b60-144b-438e-98ba-9785eab12796",
   "FIELD9": ""
 },
 {
   "category": "Personal Care",
   "subcategory": "Skin Care",
   "name": "Acure Argan Oil Cleansing Towelettes Unscented\n",
   "price": "6.99",
   "description": "30 ct�",
   "image": "https://d2lnr5mha7bycj.cloudfront.net/product-image/file/large_89b572fa-8d5d-4a1d-ba63-0af0bdfd1f49.jpg",
   "Image 2": "",
   "Product Link": "https://www.instacart.com/store/items/4549028?source1=aisle&source2=1332&source3=1332&impressionId=e9fa5676-64f9-4152-b5bf-6b3f33aa39b8",
   "FIELD9": ""
 },
 {
   "category": "Personal Care",
   "subcategory": "Skin Care",
   "name": "Everyone 3in1 Hand, Face and Body Lotion Coconut + Lemon\n",
   "price": "10.99",
   "description": "32 fl oz�",
   "image": "https://d2lnr5mha7bycj.cloudfront.net/product-image/file/large_176db6da-e79f-42bd-873b-0228e512cdb6.jpg",
   "Image 2": "",
   "Product Link": "https://www.instacart.com/store/items/4568083?source1=aisle&source2=1332&source3=1332&impressionId=c3d215dc-f389-4ac2-add8-0b484d29ad89",
   "FIELD9": ""
 },
 {
   "category": "Personal Care",
   "subcategory": "Skin Care",
   "name": "Alba Botanica Natural Hawaiian 3-in-1 Clean Towelettes - 30 CT\n",
   "price": "5.99",
   "description": "30 ct�",
   "image": "https://d2lnr5mha7bycj.cloudfront.net/product-image/file/large_305c9e69-375a-4133-9d10-e190840999f2.jpg",
   "Image 2": "",
   "Product Link": "https://www.instacart.com/store/items/4553883?source1=aisle&source2=1332&source3=1332&impressionId=2e427cd1-c17f-4148-bc80-adae319f5a14",
   "FIELD9": ""
 },
 {
   "category": "Personal Care",
   "subcategory": "Skin Care",
   "name": "Acure Facial Cleanser, Sensitive\n",
   "price": "9.99",
   "description": "4.00 oz�",
   "image": "https://d2lnr5mha7bycj.cloudfront.net/product-image/file/large_b53a4fb7-23b8-4810-9f25-99bada6c37f9.jpg",
   "Image 2": "",
   "Product Link": "https://www.instacart.com/store/items/4516188?source1=aisle&source2=1332&source3=1332&impressionId=391cd1ef-ed08-4513-8c95-de466607450d",
   "FIELD9": ""
 },
 {
   "category": "Personal Care",
   "subcategory": "Skin Care",
   "name": "365 Moisturizing Lotion\n",
   "price": "5.99",
   "description": "16 fl oz�",
   "image": "https://d2lnr5mha7bycj.cloudfront.net/product-image/file/large_293d88cb-586f-4f21-a8f3-a3b03611a15c.jpg",
   "Image 2": "",
   "Product Link": "https://www.instacart.com/store/items/4565576?source1=aisle&source2=1332&source3=1332&impressionId=cf51b109-e979-4e5c-904c-14eda7fa83f9",
   "FIELD9": ""
 },
 {
   "category": "Personal Care",
   "subcategory": "Skin Care",
   "name": "Whole Foods Market Organic Vanilla Honey Lip Balm\n",
   "price": "1.99",
   "description": ".15 oz�",
   "image": "https://d2lnr5mha7bycj.cloudfront.net/product-image/file/large_3e6c8494-576f-4ce3-a92f-132eb8173d70.jpg",
   "Image 2": "",
   "Product Link": "https://www.instacart.com/store/items/4569599?source1=aisle&source2=1332&source3=1332&impressionId=0a0a91aa-2b2d-4579-ba7f-754f6a978d91",
   "FIELD9": ""
 },
 {
   "category": "Personal Care",
   "subcategory": "Skin Care",
   "name": "Acure Facial Cleansing Gel with Superfruit + Chlorella Growth Factor\n",
   "price": "9.99",
   "description": "4 fl oz�",
   "image": "https://d2lnr5mha7bycj.cloudfront.net/product-image/file/large_aa1ca94c-fbc4-4de1-99ae-11a72e96da63.jpg",
   "Image 2": "",
   "Product Link": "https://www.instacart.com/store/items/4547752?source1=aisle&source2=1332&source3=1332&impressionId=61d13252-df96-4029-bb32-76be477f9481",
   "FIELD9": ""
 },
 {
   "category": "Personal Care",
   "subcategory": "Skin Care",
   "name": "Alba Botanica Acnedote Face & Body Scrub - 8oz\n",
   "price": "10.49",
   "description": "8 flu oz�",
   "image": "https://d2lnr5mha7bycj.cloudfront.net/product-image/file/large_ae9d5a5c-581e-42dc-bff4-54694e31b6cc.jpg",
   "Image 2": "",
   "Product Link": "https://www.instacart.com/store/items/4566591?source1=aisle&source2=1332&source3=1332&impressionId=3afa1d8b-4b7f-4835-b350-d0489a6fddc2",
   "FIELD9": ""
 },
 {
   "category": "Personal Care",
   "subcategory": "Skin Care",
   "name": "365 Moisturizing Lotion\n",
   "price": "5.99",
   "description": "16 fl oz�",
   "image": "https://d2lnr5mha7bycj.cloudfront.net/product-image/file/large_293d88cb-586f-4f21-a8f3-a3b03611a15c.jpg",
   "Image 2": "",
   "Product Link": "https://www.instacart.com/store/items/4565576?source1=aisle&source2=1332&source3=1332&impressionId=cf51b109-e979-4e5c-904c-14eda7fa83f9",
   "FIELD9": ""
 },
 {
   "category": "Personal Care",
   "subcategory": "Skin Care",
   "name": "Whole Foods Market Organic Vanilla Honey Lip Balm\n",
   "price": "1.99",
   "description": ".15 oz�",
   "image": "https://d2lnr5mha7bycj.cloudfront.net/product-image/file/large_3e6c8494-576f-4ce3-a92f-132eb8173d70.jpg",
   "Image 2": "",
   "Product Link": "https://www.instacart.com/store/items/4569599?source1=aisle&source2=1332&source3=1332&impressionId=0a0a91aa-2b2d-4579-ba7f-754f6a978d91",
   "FIELD9": ""
 },
 {
   "category": "Personal Care",
   "subcategory": "Skin Care",
   "name": "Acure Facial Cleansing Gel with Superfruit + Chlorella Growth Factor\n",
   "price": "9.99",
   "description": "4 fl oz�",
   "image": "https://d2lnr5mha7bycj.cloudfront.net/product-image/file/large_aa1ca94c-fbc4-4de1-99ae-11a72e96da63.jpg",
   "Image 2": "",
   "Product Link": "https://www.instacart.com/store/items/4547752?source1=aisle&source2=1332&source3=1332&impressionId=61d13252-df96-4029-bb32-76be477f9481",
   "FIELD9": ""
 },
 {
   "category": "Personal Care",
   "subcategory": "Skin Care",
   "name": "Alba Botanica Acnedote Face & Body Scrub - 8oz",
   "price": "10.49",
   "description": "8 flu oz�",
   "image": "https://d2lnr5mha7bycj.cloudfront.net/product-image/file/large_ae9d5a5c-581e-42dc-bff4-54694e31b6cc.jpg",
   "Image 2": "",
   "Product Link": "https://www.instacart.com/store/items/4566591?source1=aisle&source2=1332&source3=1332&impressionId=3afa1d8b-4b7f-4835-b350-d0489a6fddc2",
   "FIELD9": ""
 },
 {
   "category": "Personal Care",
   "subcategory": "Skin Care",
   "name": "Acure Ultra-Hydrating Fragrance Free Body Lotion\n",
   "price": "9.99",
   "description": "8 oz�",
   "image": "https://d2lnr5mha7bycj.cloudfront.net/product-image/file/large_92fdd6b8-503a-46c0-8b0e-e8aa05d5509e.jpg",
   "Image 2": "",
   "Product Link": "https://www.instacart.com/store/items/4548701?source1=aisle&source2=1332&source3=1332&impressionId=e52d13d1-4ff6-45e4-902f-07c11274865c",
   "FIELD9": ""
 },
 {
   "category": "Personal Care",
   "subcategory": "Deodorants",
   "name": "Organic Rolled Oats",
   "price": "1.89",
   "description": "�lb",
   "image": "https://d2lnr5mha7bycj.cloudfront.net/product-image/file/large_cdd694da-d48c-4f05-ab25-5d21d2198cc6.jpg",
   "Image 2": "",
   "Product Link": "https://www.instacart.com/store/items/22036657?source1=aisle&source2=1328&source3=1328&impressionId=dd332167-ec2f-44b5-a0b5-c525cbe67e8c",
   "FIELD9": ""
 },
 {
   "category": "Personal Care",
   "subcategory": "Deodorants",
   "name": "Tom's of Maine Long Lasting Wild Lavender Deodorant",
   "price": "4.99",
   "description": "2.25 oz�",
   "image": "https://d2lnr5mha7bycj.cloudfront.net/product-image/file/large_a56e5c8f-bf89-41fe-a1a8-24cf0f12fc44.jpg",
   "Image 2": "",
   "Product Link": "https://www.instacart.com/store/items/4472983?source1=aisle&source2=1328&source3=1328&impressionId=77e748ce-ffae-444b-8476-56b18191a06b",
   "FIELD9": ""
 },
 {
   "category": "Personal Care",
   "subcategory": "Deodorants",
   "name": "Tom's of Maine Long Lasting Unscented Deodorant",
   "price": "4.99",
   "description": "2.25 oz�",
   "image": "https://d2lnr5mha7bycj.cloudfront.net/product-image/file/large_0ea7a753-784e-410a-bbcb-30516f3099c4.jpg",
   "Image 2": "",
   "Product Link": "https://www.instacart.com/store/items/4472681?source1=aisle&source2=1328&source3=1328&impressionId=84e6f292-1085-4c10-8f3d-8177c5eaeadc",
   "FIELD9": ""
 },
 {
   "category": "Personal Care",
   "subcategory": "Deodorants",
   "name": "Every Man Jack Deodorant Cedarwood",
   "price": "7.49",
   "description": "3 oz�",
   "image": "https://d2lnr5mha7bycj.cloudfront.net/product-image/file/large_1eb446a8-475d-41c6-bd99-67dc67baaf74.jpg",
   "Image 2": "",
   "Product Link": "https://www.instacart.com/store/items/65347801?source1=aisle&source2=1328&source3=1328&impressionId=9816d2a5-74e1-401b-9dfb-a133925b16c6",
   "FIELD9": ""
 },
 {
   "category": "Personal Care",
   "subcategory": "Deodorants",
   "name": "Crystal Body Deodorant",
   "price": "3.99",
   "description": "2.25 fl oz�",
   "image": "https://d2lnr5mha7bycj.cloudfront.net/product-image/file/large_d71d4f7e-ef49-4b23-9a3e-3c174e35755f.JPG",
   "Image 2": "",
   "Product Link": "https://www.instacart.com/store/items/4485545?source1=aisle&source2=1328&source3=1328&impressionId=2f791695-e796-4021-ac32-e30b8d192d60",
   "FIELD9": ""
 },
 {
   "category": "Personal Care",
   "subcategory": "Deodorants",
   "name": "EO Organic All Day Fresh Deodorant Lavender",
   "price": "6.99",
   "description": "4.0 fl oz�",
   "image": "https://d2lnr5mha7bycj.cloudfront.net/product-image/file/large_9754883d-d820-4de8-b183-b80cdda49a61.jpg",
   "Image 2": "",
   "Product Link": "https://www.instacart.com/store/items/4563639?source1=aisle&source2=1328&source3=1328&impressionId=a7c9b990-005c-45f2-af1a-5303bae3f43b",
   "FIELD9": ""
 },
 {
   "category": "Personal Care",
   "subcategory": "Deodorants",
   "name": "Tom's of Maine Long Lasting Women's Deodorant Beautiful Earth\n",
   "price": "4.99",
   "description": "2.25 oz�",
   "image": "https://d2lnr5mha7bycj.cloudfront.net/product-image/file/large_c90c72ab-ae39-441f-85b6-c13b4e68ec5a.jpg",
   "Image 2": "",
   "Product Link": "https://www.instacart.com/store/items/4566321?source1=aisle&source2=1328&source3=1328&impressionId=ceac1a05-f185-4e55-8f93-7e8fc7619862",
   "FIELD9": ""
 },
 {
   "category": "Personal Care",
   "subcategory": "Deodorants",
   "name": "Kiss My Face Sport Active Life Deodorant No White Marks\n",
   "price": "4.99",
   "description": "2.48 oz�",
   "image": "https://d2lnr5mha7bycj.cloudfront.net/product-image/file/large_46825bf3-1196-418f-a478-b50ee17e9e36.jpg",
   "Image 2": "",
   "Product Link": "https://www.instacart.com/store/items/4558378?source1=aisle&source2=1328&source3=1328&impressionId=a00f1d03-c108-44a9-8463-6bc253de4c13",
   "FIELD9": ""
 },
 {
   "category": "Personal Care",
   "subcategory": "Deodorants",
   "name": "Tom's of Maine Men's Long Lasting Mountain Spring Deodorant\n",
   "price": "4.99",
   "description": "2.25 oz�",
   "image": "https://d2lnr5mha7bycj.cloudfront.net/product-image/file/large_e61d5092-c5fe-4658-a21b-7c672cf1eeaa.JPG",
   "Image 2": "",
   "Product Link": "https://www.instacart.com/store/items/4552077?source1=aisle&source2=1328&source3=1328&impressionId=60368fa3-d8c8-4489-8661-3d4b3c6ff689",
   "FIELD9": ""
 },
 {
   "category": "Personal Care",
   "subcategory": "Deodorants",
   "name": "Tom's of Maine Original Care Natural Unscented Deodorant\n",
   "price": "3.99",
   "description": "2.25 oz�",
   "image": "https://d2lnr5mha7bycj.cloudfront.net/product-image/file/large_15118eb7-67b2-4248-ae75-5447ebd5ece8.jpg",
   "Image 2": "",
   "Product Link": "https://www.instacart.com/store/items/4472429?source1=aisle&source2=1328&source3=1328&impressionId=4fa55164-f6d4-41c0-8cbd-0bf0b8ecef77",
   "FIELD9": ""
 },
 {
   "category": "Personal Care",
   "subcategory": "Deodorants",
   "name": "Tom's of Maine Deodorant Refreshing Lemongrass\n",
   "price": "4.99",
   "description": "2.25 oz�",
   "image": "https://d2lnr5mha7bycj.cloudfront.net/product-image/file/large_a2ec3d9a-ed6e-4111-ac07-63a44c1e4581.jpg",
   "Image 2": "",
   "Product Link": "https://www.instacart.com/store/items/21031658?source1=aisle&source2=1328&source3=1328&impressionId=ae579d31-a547-4dba-a068-3390bb61e132",
   "FIELD9": ""
 },
 {
   "category": "Personal Care",
   "subcategory": "Deodorants",
   "name": "Herban Cowboy Dusk Deodorant\n",
   "price": "8.99",
   "description": "2.8 oz�",
   "image": "https://d2lnr5mha7bycj.cloudfront.net/product-image/file/large_c33c7f89-126c-4c1e-b225-e5cc69461ff3.jpg",
   "Image 2": "",
   "Product Link": "https://www.instacart.com/store/items/4545961?source1=aisle&source2=1328&source3=1328&impressionId=06ede56a-5b11-43c6-9711-0cf1671b9eec",
   "FIELD9": ""
 },
 {
   "category": "Personal Care",
   "subcategory": "Deodorants",
   "name": "Kiss My Face Active Life Deodorant Cucumber Green Tea\n",
   "price": "4.99",
   "description": "2.48 oz�",
   "image": "https://d2lnr5mha7bycj.cloudfront.net/product-image/file/large_df032c22-daa2-409c-ace0-64a551dc2614.jpg",
   "Image 2": "",
   "Product Link": "https://www.instacart.com/store/items/6561307?source1=aisle&source2=1328&source3=1328&impressionId=caaf7a4e-0545-42f8-b29f-7ddf63bd4def",
   "FIELD9": ""
 },
 {
   "category": "Personal Care",
   "subcategory": "Deodorants",
   "name": "Crystal Essence Lavender & White Tea Mineral Deodorant\n",
   "price": "4.99",
   "description": "2.25 fl oz�",
   "image": "https://d2lnr5mha7bycj.cloudfront.net/product-image/file/large_e41dbb29-0f9a-4e6c-9919-15db6602f00b.jpg",
   "Image 2": "",
   "Product Link": "https://www.instacart.com/store/items/4550337?source1=aisle&source2=1328&source3=1328&impressionId=5997c861-b833-402f-91f6-c5645c097c5a",
   "FIELD9": ""
 },
 {
   "category": "Personal Care",
   "subcategory": "Deodorants",
   "name": "Tom's of Maine Long Lasting Deodorant Natural Powder",
   "price": "4.99",
   "description": "2.25 oz�",
   "image": "https://d2lnr5mha7bycj.cloudfront.net/product-image/file/large_f0e94c5f-2b66-4534-a96b-f7422fd872d4.jpg",
   "Image 2": "",
   "Product Link": "https://www.instacart.com/store/items/19024454?source1=aisle&source2=1328&source3=1328&impressionId=1dc449d8-ec42-4628-9cf5-3bc39a863698",
   "FIELD9": ""
 },
 {
   "category": "Personal Care",
   "subcategory": "Deodorants",
   "name": "Toms of Maine Long Lasting Men's Deodorant Deep Forest\n",
   "price": "4.99",
   "description": "2.25 oz�",
   "image": "https://d2lnr5mha7bycj.cloudfront.net/product-image/file/large_65cd2f74-9287-4bb0-9545-bde996e5a524.jpg",
   "Image 2": "",
   "Product Link": "https://www.instacart.com/store/items/4553579?source1=aisle&source2=1328&source3=1328&impressionId=46005254-744b-405b-8412-b3d7a975d845",
   "FIELD9": ""
 },
 {
   "category": "Personal Care",
   "subcategory": "Deodorants",
   "name": "Tom's of Maine Deodorant Fresh Apricot\n",
   "price": "4.99",
   "description": "2.25 oz�",
   "image": "https://d2lnr5mha7bycj.cloudfront.net/product-image/file/large_7194f6b0-db2b-4f03-9070-39617877be3e.jpg",
   "Image 2": "",
   "Product Link": "https://www.instacart.com/store/items/4473319?source1=aisle&source2=1328&source3=1328&impressionId=1e50a320-80d8-4f9e-bdb5-c079d824fd79",
   "FIELD9": ""
 },
 {
   "category": "Personal Care",
   "subcategory": "Deodorants",
   "name": "Every Man Jack Deodorant Fresh Scent\n",
   "price": "7.49",
   "description": "3 oz�",
   "image": "https://d2lnr5mha7bycj.cloudfront.net/product-image/file/large_848e65ad-7649-4de8-a64a-5a4044cdaa05.jpg",
   "Image 2": "",
   "Product Link": "https://www.instacart.com/store/items/13157394?source1=aisle&source2=1328&source3=1328&impressionId=3fae8d1d-ca1c-482c-a15a-69446c69c067",
   "FIELD9": ""
 },
 {
   "category": "Personal Care",
   "subcategory": "Deodorants",
   "name": "Crystal Essence Chamomile & Green Tea Mineral Deodorant\n",
   "price": "4.99",
   "description": "2.25 fl oz�",
   "image": "https://d2lnr5mha7bycj.cloudfront.net/product-image/file/large_8559f7ae-fdbc-4f5f-9a12-1a5b145d159e.JPG",
   "Image 2": "",
   "Product Link": "https://www.instacart.com/store/items/4549481?source1=aisle&source2=1328&source3=1328&impressionId=f6ed94b3-d4e6-4188-bff3-e22c25c3b2e9",
   "FIELD9": ""
 },
 {
   "category": "Personal Care",
   "subcategory": "Deodorants",
   "name": "EO Organic Single Lavender Deodorant Wipe\n",
   "price": "0.99",
   "description": "",
   "image": "https://d2lnr5mha7bycj.cloudfront.net/product-image/file/large_4ecc6c80-dfb6-4621-91db-d862b9357d83.jpg",
   "Image 2": "",
   "Product Link": "https://www.instacart.com/store/items/31672171?source1=aisle&source2=1328&source3=1328&impressionId=e7c9bb5c-87f9-47c2-8f79-feb3ddb2bbc4",
   "FIELD9": ""
 },
 {
   "category": "Personal Care",
   "subcategory": "Soap",
   "name": "Mrs. Meyer's Lavender Hand Soap",
   "price": "5.79",
   "description": "12.5 fl oz�",
   "image": "https://d2lnr5mha7bycj.cloudfront.net/product-image/file/large_bdf93e16-0443-4bc3-8063-743e8d609044.jpg",
   "Image 2": "",
   "Product Link": "https://www.instacart.com/store/items/4545392?source1=aisle&source2=3633&source3=3633&impressionId=745713f7-4017-4b8f-9f78-7b1bbe5eff7c",
   "FIELD9": ""
 },
 {
   "category": "Personal Care",
   "subcategory": "Soap",
   "name": "Mrs. Meyer's Lemon Verbena Hand Soap",
   "price": "5.79",
   "description": "12.5 fl oz�",
   "image": "https://d2lnr5mha7bycj.cloudfront.net/product-image/file/large_45018167-8851-4809-b07b-d9033fe53b64.jpg",
   "Image 2": "",
   "Product Link": "https://www.instacart.com/store/items/4570731?source1=aisle&source2=3633&source3=3633&impressionId=e9ff8c6d-2f2a-42bc-992c-0b761946da36",
   "FIELD9": ""
 },
 {
   "category": "Personal Care",
   "subcategory": "Soap",
   "name": "Mrs. Meyer's Basil Hand Soap",
   "price": "5.79",
   "description": "12.5 oz�",
   "image": "https://d2lnr5mha7bycj.cloudfront.net/product-image/file/large_246be575-8a8e-42db-8afc-c7922178416f.jpg",
   "Image 2": "",
   "Product Link": "https://www.instacart.com/store/items/4545811?source1=aisle&source2=3633&source3=3633&impressionId=0aa0d53c-826f-41b7-a95c-86fba50d1f91",
   "FIELD9": ""
 },
 {
   "category": "Personal Care",
   "subcategory": "Soap",
   "name": "Mrs. Meyer's Geranium Hand Soap",
   "price": "5.79",
   "description": "12.5 oz�",
   "image": "https://d2lnr5mha7bycj.cloudfront.net/product-image/file/large_92b3fa96-c8eb-49e5-b247-06a62d769484.jpg",
   "Image 2": "",
   "Product Link": "https://www.instacart.com/store/items/4570591?source1=aisle&source2=3633&source3=3633&impressionId=9bc85a7b-ae30-47c0-99db-06efa481f726",
   "FIELD9": ""
 },
 {
   "category": "Personal Care",
   "subcategory": "Soap",
   "name": "Dr. Bronner's Magic Soaps 18-in-1 Hemp Pure-Castile Soap Peppermint",
   "price": "17.99",
   "description": "32 fl oz�",
   "image": "https://d2lnr5mha7bycj.cloudfront.net/product-image/file/large_86aaf871-f637-4d15-b815-bd684bea6c46.jpg",
   "Image 2": "",
   "Product Link": "https://www.instacart.com/store/items/4485689?source1=aisle&source2=3633&source3=3633&impressionId=1f788587-6134-4dc9-93d0-3b3535517235",
   "FIELD9": ""
 },
 {
   "category": "Personal Care",
   "subcategory": "Soap",
   "name": "Everyone Hand Soap Lavender + Coconut\n",
   "price": "5.99",
   "description": "12.75 fl oz�",
   "image": "https://d2lnr5mha7bycj.cloudfront.net/product-image/file/large_220ab83e-89be-4da6-aa43-8ae2a9d24ea0.jpg",
   "Image 2": "",
   "Product Link": "https://www.instacart.com/store/items/4503618?source1=aisle&source2=3633&source3=3633&impressionId=14f7c3ad-e22c-4fa9-bc62-08191114e2c3",
   "FIELD9": ""
 },
 {
   "category": "Personal Care",
   "subcategory": "Soap",
   "name": "Dr. Bronner's Magic Soaps All in One Hemp Peppermint Soap\n",
   "price": "4.49",
   "description": "5 oz�",
   "image": "https://d2lnr5mha7bycj.cloudfront.net/product-image/file/large_62468bb9-f015-49c6-a9fe-8b7870dd2f50.jpg",
   "Image 2": "",
   "Product Link": "https://www.instacart.com/store/items/4485187?source1=aisle&source2=3633&source3=3633&impressionId=8dd6aca7-25de-4643-8b04-069cde429848",
   "FIELD9": ""
 },
 {
   "category": "Personal Care",
   "subcategory": "Soap",
   "name": "365 Citrus Grapefruit Foaming Hand Soap\n",
   "price": "3.99",
   "description": "12 fl oz�",
   "image": "https://d2lnr5mha7bycj.cloudfront.net/product-image/file/large_1916c2e4-5fe7-401a-b867-382aa8617d95.jpg",
   "Image 2": "",
   "Product Link": "https://www.instacart.com/store/items/38019123?source1=aisle&source2=3633&source3=3633&impressionId=fe361101-694a-434f-8cfb-676f21798b07",
   "FIELD9": ""
 },
 {
   "category": "Personal Care",
   "subcategory": "Soap",
   "name": "Dr. Bronner's Magic Soaps All-One Hemp Lavender Pure-Castile Bar Soap\n",
   "price": "4.59",
   "description": "5 oz�",
   "image": "https://d2lnr5mha7bycj.cloudfront.net/product-image/file/large_aff4038e-fc10-4e63-9c3f-2eccc78f58c6.jpg",
   "Image 2": "",
   "Product Link": "https://www.instacart.com/store/items/4485267?source1=aisle&source2=3633&source3=3633&impressionId=699f6e9f-3287-446c-96c4-bd2bbec34ab8",
   "FIELD9": ""
 },
 {
   "category": "Personal Care",
   "subcategory": "Soap",
   "name": "The Honest Company Honest Shampoo + Body Wash Sweet Orange Vanilla\n",
   "price": "10.49",
   "description": "10.0 fl oz�",
   "image": "https://d2lnr5mha7bycj.cloudfront.net/product-image/file/large_b554c403-315d-4262-a67a-5cfcc45c8712.jpg",
   "Image 2": "",
   "Product Link": "https://www.instacart.com/store/items/4491986?source1=aisle&source2=3633&source3=3633&impressionId=dfb5c32b-9f84-4751-8867-1d0793f3c5b6",
   "FIELD9": ""
 },
 {
   "category": "Personal Care",
   "subcategory": "Soap",
   "name": "Mrs. Meyer's Clean Day Hand Soap Honeysuckle Scent\n",
   "price": "5.79",
   "description": "12.5 fl oz�",
   "image": "https://d2lnr5mha7bycj.cloudfront.net/product-image/file/large_d3b80c11-e099-4371-a599-bb2b73b9aa32.jpg",
   "Image 2": "",
   "Product Link": "https://www.instacart.com/store/items/4567002?source1=aisle&source2=3633&source3=3633&impressionId=2ea30eda-7dea-447d-933f-f8ded165b952",
   "FIELD9": ""
 },
 {
   "category": "Personal Care",
   "subcategory": "Soap",
   "name": "Everyday Shea Moisturizing Lavender Body Wash\n",
   "price": "10.99",
   "description": "32 fl oz�",
   "image": "https://d2lnr5mha7bycj.cloudfront.net/product-image/file/large_869ba716-89f0-41ef-8b2c-243a331c3edf.jpg",
   "Image 2": "",
   "Product Link": "https://www.instacart.com/store/items/4568692?source1=aisle&source2=3633&source3=3633&impressionId=93650724-4ef6-4669-b791-2e79129e4885",
   "FIELD9": ""
 },
 {
   "category": "Personal Care",
   "subcategory": "Soap",
   "name": "Mrs. Meyer's Liquid Hand Soap, Refill, Lavender Scent\n",
   "price": "9.99",
   "description": "33 fl oz�",
   "image": "https://d2lnr5mha7bycj.cloudfront.net/product-image/file/large_c9a52d69-afb8-47a9-88e2-8dfdb2da769f.jpg",
   "Image 2": "",
   "Product Link": "https://www.instacart.com/store/items/4545652?source1=aisle&source2=3633&source3=3633&impressionId=101fde2b-1fb2-4369-9352-06e890c7088a",
   "FIELD9": ""
 },
 {
   "category": "Personal Care",
   "subcategory": "Soap",
   "name": "EO Everyone Hand Soap, Meyer Lemon\n",
   "price": "5.99",
   "description": "12.75 oz�",
   "image": "https://d2lnr5mha7bycj.cloudfront.net/product-image/file/large_38bd0214-fd15-4f8c-b1c0-9491a2480902.png",
   "Image 2": "",
   "Product Link": "https://www.instacart.com/store/items/12263246?source1=aisle&source2=3633&source3=3633&impressionId=edd1bc19-d07f-4c38-b38f-0767dd2ed0e4",
   "FIELD9": ""
 },
 {
   "category": "Personal Care",
   "subcategory": "Soap",
   "name": "365 Lavender Glycerine Soap Bar\n",
   "price": "1.99",
   "description": "4 oz�",
   "image": "https://d2lnr5mha7bycj.cloudfront.net/product-image/file/large_500c4efe-7592-42a4-9629-874d09b71b5e.jpg",
   "Image 2": "",
   "Product Link": "https://www.instacart.com/store/items/4484318?source1=aisle&source2=3633&source3=3633&impressionId=ab91f628-449b-446f-86af-07971192e8a5",
   "FIELD9": ""
 },
 {
   "category": "Personal Care",
   "subcategory": "Soap",
   "name": "Dr. Bronner's Magic Soaps 18-in-1 Hemp Pure-Castile Soap Lavender\n",
   "price": "17.99",
   "description": "32 oz�",
   "image": "https://d2lnr5mha7bycj.cloudfront.net/product-image/file/large_a3f42f79-ac81-4b81-a431-d0ee7fb1c787.jpg",
   "Image 2": "",
   "Product Link": "https://www.instacart.com/store/items/4485859?source1=aisle&source2=3633&source3=3633&impressionId=43130f49-80b8-43d2-87e8-1a2bfe9b1bf5",
   "FIELD9": ""
 },
 {
   "category": "Personal Care",
   "subcategory": "Soap",
   "name": "Good Bar Soap 3 Bars Soap Bulk\n",
   "price": "6",
   "description": "3 ct�",
   "image": "https://d2lnr5mha7bycj.cloudfront.net/product-image/file/large_dd40c1fb-f4da-4458-bfb6-34c79a9f3c21.jpg",
   "Image 2": "",
   "Product Link": "https://www.instacart.com/store/items/4502133?source1=aisle&source2=3633&source3=3633&impressionId=2b1613f8-913e-4cc9-b112-642c4e74ca06",
   "FIELD9": ""
 },
 {
   "category": "Personal Care",
   "subcategory": "Soap",
   "name": "The Honest Company Honest Hand Soap Lavender\n",
   "price": "4.99",
   "description": "12 fl oz�",
   "image": "https://d2lnr5mha7bycj.cloudfront.net/product-image/file/large_65293ce7-51ba-46a9-ab0d-eb8af0e7fde6.jpg",
   "Image 2": "",
   "Product Link": "https://www.instacart.com/store/items/4491052?source1=aisle&source2=3633&source3=3633&impressionId=91f6813e-2b40-4eb2-b670-9b6e2bf9473b",
   "FIELD9": ""
 },
 {
   "category": "Personal Care",
   "subcategory": "Soap",
   "name": "365 Herbal Mint Foaming Hand Soap\n",
   "price": "3.99",
   "description": "12 fl oz�",
   "image": "https://d2lnr5mha7bycj.cloudfront.net/product-image/file/large_8d6e233f-ad3b-4c63-992d-5bf7524d6158.jpg",
   "Image 2": "",
   "Product Link": "https://www.instacart.com/store/items/44280095?source1=aisle&source2=3633&source3=3633&impressionId=64fc1640-3393-454a-a139-957e51bb66e1",
   "FIELD9": ""
 },
 {
   "category": "Personal Care",
   "subcategory": "Soap",
   "name": "Mrs. Meyer's Lemon Verbena ScentLiquid Hand Soap Refill\n",
   "price": "9.99",
   "description": "33 oz�",
   "image": "https://d2lnr5mha7bycj.cloudfront.net/product-image/file/large_75e97030-fb5a-4caa-abdd-cec7bdd8b67a.jpg",
   "Image 2": "",
   "Product Link": "https://www.instacart.com/store/items/4545508?source1=aisle&source2=3633&source3=3633&impressionId=3936a3c7-9af6-4e7d-a9c3-a6ae4c99e13c",
   "FIELD9": ""
 },
 {
   "category": "Personal Care",
   "subcategory": "Shave Needs",
   "name": "Preserve Triple Razor",
   "price": "8.49",
   "description": "1 ct�",
   "image": "https://d2lnr5mha7bycj.cloudfront.net/product-image/file/large_b2c19539-4b42-4d5c-8ef0-3dfe060de360.jpg",
   "Image 2": "",
   "Product Link": "https://www.instacart.com/store/items/4474462?source1=aisle&source2=3644&source3=3644&impressionId=17cff3e3-7358-4b71-ac6a-a65e844280bb",
   "FIELD9": ""
 },
 {
   "category": "Personal Care",
   "subcategory": "Shave Needs",
   "name": "Preserve Triple Razor Triple Blade Cartridges",
   "price": "8.49",
   "description": "4 ct�",
   "image": "https://d2lnr5mha7bycj.cloudfront.net/product-image/file/large_96749573-41e4-45c5-88ba-7dcdad851166.jpg",
   "Image 2": "",
   "Product Link": "https://www.instacart.com/store/items/4474357?source1=aisle&source2=3644&source3=3644&impressionId=ff41cfb4-f7de-4bd7-966e-f72ca6dd1b1f",
   "FIELD9": ""
 },
 {
   "category": "Personal Care",
   "subcategory": "Shave Needs",
   "name": "Alba Botanica Natural Very Emollient Cream Shave Mango Vanilla",
   "price": "6.99",
   "description": "8.0 oz�",
   "image": "https://d2lnr5mha7bycj.cloudfront.net/product-image/file/large_ec0af2d9-7f5e-49c3-bcb9-edea3cc154a1.jpg",
   "Image 2": "",
   "Product Link": "https://www.instacart.com/store/items/4468733?source1=aisle&source2=3644&source3=3644&impressionId=71c25e78-0447-4dd9-a66f-33abfab7db89",
   "FIELD9": ""
 },
 {
   "category": "Personal Care",
   "subcategory": "Shave Needs",
   "name": "Kiss My Face 4 in 1 Moisture Shave Lavender Shea",
   "price": "6.99",
   "description": "11.0 fl oz�",
   "image": "https://d2lnr5mha7bycj.cloudfront.net/product-image/file/large_8eab419b-e370-4505-8c22-4148d4b545ab.jpg",
   "Image 2": "",
   "Product Link": "https://www.instacart.com/store/items/4479630?source1=aisle&source2=3644&source3=3644&impressionId=f92d02e9-3553-4ee0-84bb-6a7730be8cfe",
   "FIELD9": ""
 },
 {
   "category": "Personal Care",
   "subcategory": "Shave Needs",
   "name": "Every Man Jack Shave Gel Sensitive Skin",
   "price": "6.49",
   "description": "7.0 oz�",
   "image": "https://d2lnr5mha7bycj.cloudfront.net/product-image/file/large_15b9c016-b69b-4df9-829c-df07b68b2bfc.jpg",
   "Image 2": "",
   "Product Link": "https://www.instacart.com/store/items/4570218?source1=aisle&source2=3644&source3=3644&impressionId=f5604d36-3673-47e6-80e2-25f43f218f5b",
   "FIELD9": ""
 },
 {
   "category": "Personal Care",
   "subcategory": "Shave Needs",
   "name": "Kiss My Face Moisture Shave, 4 in 1, Fragrance Free\n",
   "price": "6.99",
   "description": "11 oz�",
   "image": "https://d2lnr5mha7bycj.cloudfront.net/product-image/file/large_530b9826-25f2-4f3d-9496-53f387697849.jpg",
   "Image 2": "",
   "Product Link": "https://www.instacart.com/store/items/4479481?source1=aisle&source2=3644&source3=3644&impressionId=2c154206-57fd-4b95-bba2-4f906f8c4cb1",
   "FIELD9": ""
 },
 {
   "category": "Personal Care",
   "subcategory": "Shave Needs",
   "name": "Alba Botanica Very Emollient Cream Shave Coconut Lime\n",
   "price": "6.99",
   "description": "8.0 oz�",
   "image": "https://d2lnr5mha7bycj.cloudfront.net/product-image/file/large_e3c08f8b-eeea-4341-80c9-5134ec3b7fb4.jpg",
   "Image 2": "",
   "Product Link": "https://www.instacart.com/store/items/4469145?source1=aisle&source2=3644&source3=3644&impressionId=6b8f40e5-ad20-4494-a674-c87b950aec6e",
   "FIELD9": ""
 },
 {
   "category": "Personal Care",
   "subcategory": "Shave Needs",
   "name": "Personna Tri Flex Handle With 2 Cartridges\n",
   "price": "5.59",
   "description": "",
   "image": "https://d2lnr5mha7bycj.cloudfront.net/product-image/file/large_4b396efe-a118-42a6-abc0-c497c0ef2cfb.jpg",
   "Image 2": "",
   "Product Link": "https://www.instacart.com/store/items/4569624?source1=aisle&source2=3644&source3=3644&impressionId=6f941251-c2ae-43c9-976d-3170d2384647",
   "FIELD9": ""
 },
 {
   "category": "Personal Care",
   "subcategory": "Shave Needs",
   "name": "Every Man Jack Shave Cream Sensitive Skin Fragrance Free\n",
   "price": "7.49",
   "description": "6.7 oz \n",
   "image": "https://d2lnr5mha7bycj.cloudfront.net/product-image/file/large_5f3ec1c7-120c-4056-8eb5-d74c9f424912.jpg",
   "Image 2": "",
   "Product Link": "https://www.instacart.com/store/items/4570097?source1=aisle&source2=3644&source3=3644&impressionId=44177b2b-f3a2-424d-8f49-11469ac203c0",
   "FIELD9": ""
 },
 {
   "category": "Personal Care",
   "subcategory": "Shave Needs",
   "name": "Parissa Face & Bikini All Hair Types Wax Strips\n",
   "price": "9.99",
   "description": "16 ct�",
   "image": "https://d2lnr5mha7bycj.cloudfront.net/product-image/file/large_cd57e919-f1ab-429f-ad85-2c2bc44c3715.jpg",
   "Image 2": "",
   "Product Link": "https://www.instacart.com/store/items/4479264?source1=aisle&source2=3644&source3=3644&impressionId=2b70365a-40b8-4da4-a3bd-29683b872fa9",
   "FIELD9": ""
 },
 {
   "category": "Personal Care",
   "subcategory": "Shave Needs",
   "name": "Burt's Bees Natural Skin Care For Men Shave Cream\n",
   "price": "8.99",
   "description": "6 oz ",
   "image": "https://d2lnr5mha7bycj.cloudfront.net/product-image/file/large_f28ee98b-4ec2-4916-b24a-347a355d1f41.jpg",
   "Image 2": "",
   "Product Link": "https://www.instacart.com/store/items/4557876?source1=aisle&source2=3644&source3=3644&impressionId=b517508e-ca0c-4f1b-9322-543df7b8c145",
   "FIELD9": ""
 },
 {
   "category": "Personal Care",
   "subcategory": "Shave Needs",
   "name": "Kiss My Face Natural Man Shave 4 N 1 Aqua\n",
   "price": "5.99",
   "description": "6.0 fl oz ",
   "image": "https://d2lnr5mha7bycj.cloudfront.net/product-image/file/large_2567412f-d416-4e0e-9ada-8edd7f33a160.jpg",
   "Image 2": "",
   "Product Link": "https://www.instacart.com/store/items/4494599?source1=aisle&source2=3644&source3=3644&impressionId=bea22291-1b83-42df-b465-391209a35c8e",
   "FIELD9": ""
 },
 {
   "category": "Personal Care",
   "subcategory": "Shave Needs",
   "name": "Parissa All Hair Types Wax Strips Legs & Body\n",
   "price": "12.99",
   "description": "16.00 ea \n",
   "image": "https://d2lnr5mha7bycj.cloudfront.net/product-image/file/large_459f11a6-958d-4e94-88e4-d930f2913940.jpg",
   "Image 2": "",
   "Product Link": "https://www.instacart.com/store/items/4479190?source1=aisle&source2=3644&source3=3644&impressionId=c7861bd7-1c37-4691-9c02-15f90ee89ae8",
   "FIELD9": ""
 },
 {
   "category": "Personal Care",
   "subcategory": "Shave Needs",
   "name": "Every Man Jack Signature Mint Shave Cream\n",
   "price": "1.99",
   "description": "1.5 oz�",
   "image": "https://d2lnr5mha7bycj.cloudfront.net/product-image/file/large_1dee4edd-e5a2-4bd4-b9d1-d7c9f84a2577.jpg",
   "Image 2": "",
   "Product Link": "https://www.instacart.com/store/items/31730894?source1=aisle&source2=3644&source3=3644&impressionId=9ab0f68a-bb33-4078-8522-bcc90d8027da",
   "FIELD9": ""
 },
 {
   "category": "Personal Care",
   "subcategory": "Shave Needs",
   "name": "Bulldog Original Shave Gel\n",
   "price": "11.99",
   "description": "175 ml \n",
   "image": "https://d2lnr5mha7bycj.cloudfront.net/product-image/file/large_4b1d22ba-e7d8-4f79-910f-314e4572435d.jpg",
   "Image 2": "",
   "Product Link": "https://www.instacart.com/store/items/4564522?source1=aisle&source2=3644&source3=3644&impressionId=9416e4bc-7a81-446f-b860-94c0af276828",
   "FIELD9": ""
 },
 {
   "category": "Personal Care",
   "subcategory": "Shave Needs",
   "name": "Parissa Strip-Free Hot Wax for Brow & Face\n",
   "price": "9.99",
   "description": "4 oz�",
   "image": "https://d2lnr5mha7bycj.cloudfront.net/product-image/file/large_3b926a62-b79f-4378-a442-0d0e6ab8db6b.jpg",
   "Image 2": "",
   "Product Link": "https://www.instacart.com/store/items/4479064?source1=aisle&source2=3644&source3=3644&impressionId=be8d411a-5ef2-42ce-b906-acc9c844a5e8",
   "FIELD9": ""
 },
 {
   "category": "Personal Care",
   "subcategory": "Shave Needs",
   "name": "Giovanni Shave Cream, Moisturizing, Mild, Sensitive, Fragrance Free\n",
   "price": "1.99",
   "description": "1.5 oz ",
   "image": "https://d2lnr5mha7bycj.cloudfront.net/product-image/file/large_cd219d9a-bade-4f30-8009-7dd10e0b9971.jpg",
   "Image 2": "",
   "Product Link": "https://www.instacart.com/store/items/4594841?source1=aisle&source2=3644&source3=3644&impressionId=28f680e9-8d28-4350-93be-0696351f99db",
   "FIELD9": ""
 },
 {
   "category": "Personal Care",
   "subcategory": "Shave Needs",
   "name": "Every Man Jack Razor Chrome (Includes 2 Cartridges)\n",
   "price": "21.99",
   "description": "1.0 ct�",
   "image": "https://d2lnr5mha7bycj.cloudfront.net/product-image/file/large_981b2d74-f24b-4f31-b518-38355f02ec5c.jpg",
   "Image 2": "",
   "Product Link": "https://www.instacart.com/store/items/84150354?source1=aisle&source2=3644&source3=3644&impressionId=9df60a67-3d0b-4ba9-842d-7a1725b5b29f",
   "FIELD9": ""
 },
 {
   "category": "Personal Care",
   "subcategory": "Shave Needs",
   "name": "Kiss My Face Sunscreen 30 Cool Sport For Face + Neck\n",
   "price": "12.95",
   "description": "2.0 fl oz",
   "image": "https://d2lnr5mha7bycj.cloudfront.net/product-image/file/large_fea93e39-e60e-4310-b4c0-e0c0226c0379.jpg",
   "Image 2": "",
   "Product Link": "https://www.instacart.com/store/items/24955498?source1=aisle&source2=3644&source3=3644&impressionId=887fac1a-b316-48b6-8212-a80e1c9fd9b4",
   "FIELD9": ""
 },
 {
   "category": "Personal Care",
   "subcategory": "Shave Needs",
   "name": "Every Man Jack Cedarwood Shave Cream\n",
   "price": "12.52",
   "description": "8 fl oz�",
   "image": "https://d2lnr5mha7bycj.cloudfront.net/product-image/file/large_68ace531-a18c-479f-9713-0d463d434a99.jpg",
   "Image 2": "",
   "Product Link": "https://www.instacart.com/store/items/32427923?source1=aisle&source2=3644&source3=3644&impressionId=93dedf94-2b10-4a30-ba47-d604250a7177",
   "FIELD9": ""
 },
 {
   "category": "Personal Care",
   "subcategory": "Oral Hygiene",
   "name": "Tom's of Maine Whole Care Peppermint Toothpaste",
   "price": "4.99",
   "description": "4.7 oz�",
   "image": "https://d2lnr5mha7bycj.cloudfront.net/product-image/file/large_2a931a43-62c0-4f29-8e67-c2c1f6274614.JPG",
   "Image 2": "",
   "Product Link": "https://www.instacart.com/store/items/4475784?source1=aisle&source2=1329&source3=1329&impressionId=ee20c815-7d71-4cc8-b49b-304a66b67d8e",
   "FIELD9": ""
 },
 {
   "category": "Personal Care",
   "subcategory": "Oral Hygiene",
   "name": "Tom's of Maine Simply White Clean Mint Toothpaste",
   "price": "4.99",
   "description": "4.7 oz�",
   "image": "https://d2lnr5mha7bycj.cloudfront.net/product-image/file/large_dac2f876-14e4-4d08-8752-d3ec38d24c31.jpg",
   "Image 2": "",
   "Product Link": "https://www.instacart.com/store/items/4554459?source1=aisle&source2=1329&source3=1329&impressionId=443c9ece-d177-4cc2-9d11-d28e5e8a1ee4",
   "FIELD9": ""
 },
 {
   "category": "Personal Care",
   "subcategory": "Oral Hygiene",
   "name": "Tom's of Maine Children's Silly Strawberry Toothpaste",
   "price": "3.99",
   "description": "4.2 oz�",
   "image": "https://d2lnr5mha7bycj.cloudfront.net/product-image/file/large_82b21158-9078-4f13-abaa-83a914afe371.jpg",
   "Image 2": "",
   "Product Link": "https://www.instacart.com/store/items/4474741?source1=aisle&source2=1329&source3=1329&impressionId=a135edd8-0e3d-4838-95fe-1216ee3ee03f",
   "FIELD9": ""
 },
 {
   "category": "Personal Care",
   "subcategory": "Oral Hygiene",
   "name": "Desert Essence Tea Tree Oil Dental Floss",
   "price": "3.99",
   "description": "150 ft�",
   "image": "https://d2lnr5mha7bycj.cloudfront.net/product-image/file/large_2e939811-9ff3-4f5b-861f-fdb9e4c8146e.jpg",
   "Image 2": "",
   "Product Link": "https://www.instacart.com/store/items/4474198?source1=aisle&source2=1329&source3=1329&impressionId=ab4a58ce-289b-4653-8c59-773e7e693703",
   "FIELD9": ""
 },
 {
   "category": "Personal Care",
   "subcategory": "Oral Hygiene",
   "name": "Tom's of Maine Wicked Fresh! Cool Mountain Mint Mouthwash",
   "price": "5.49",
   "description": "16 oz�",
   "image": "https://d2lnr5mha7bycj.cloudfront.net/product-image/file/large_3a038398-a4b7-4a43-a175-039da49224f9.jpg",
   "Image 2": "",
   "Product Link": "https://www.instacart.com/store/items/4551854?source1=aisle&source2=1329&source3=1329&impressionId=721f8d82-1e6f-4010-9218-0e45aea381c7",
   "FIELD9": ""
 },
 {
   "category": "Personal Care",
   "subcategory": "Oral Hygiene",
   "name": "Toms of Maine Whole Care Wintermint Fluoride Toothpaste\n",
   "price": "4.99",
   "description": "4.7 oz�",
   "image": "https://d2lnr5mha7bycj.cloudfront.net/product-image/file/large_fc91ebd2-da9a-4fe7-be73-dab2699da27f.jpg",
   "Image 2": "",
   "Product Link": "https://www.instacart.com/store/items/4475615?source1=aisle&source2=1329&source3=1329&impressionId=d1354c3e-eb9c-4277-8e9c-fc5a0d1ee8c0",
   "FIELD9": ""
 },
 {
   "category": "Personal Care",
   "subcategory": "Oral Hygiene",
   "name": "Jason All Natural Sea Fresh Antiplaque & Strengthening Toothpaste Deep Sea Spearmint\n",
   "price": "4.99",
   "description": "6 oz�",
   "image": "https://d2lnr5mha7bycj.cloudfront.net/product-image/file/large_68cc73f2-a57a-445c-bb64-cec2f841e4eb.jpg",
   "Image 2": "",
   "Product Link": "https://www.instacart.com/store/items/4464066?source1=aisle&source2=1329&source3=1329&impressionId=5345c0d7-f73f-43fe-a093-f73b6c90481c",
   "FIELD9": ""
 },
 {
   "category": "Personal Care",
   "subcategory": "Oral Hygiene",
   "name": "Tom's of Maine Wicked Fresh! Peppermint Wave Mouthwash\n",
   "price": "5.49",
   "description": "16 fl oz�",
   "image": "https://d2lnr5mha7bycj.cloudfront.net/product-image/file/large_f8e97fc5-dba1-43c5-9488-53e0b7437248.JPG",
   "Image 2": "",
   "Product Link": "https://www.instacart.com/store/items/4568126?source1=aisle&source2=1329&source3=1329&impressionId=41ba0722-8147-478b-a61f-b776bb0d932a",
   "FIELD9": ""
 },
 {
   "category": "Personal Care",
   "subcategory": "Oral Hygiene",
   "name": "Tom's of Maine Fluoride Toothpaste Natural Simply White Sweet Mint Gel\n",
   "price": "4.99",
   "description": "4.7 oz�",
   "image": "https://d2lnr5mha7bycj.cloudfront.net/product-image/file/large_c72ae200-b74d-4e20-a0f4-eb87464aedc4.jpg",
   "Image 2": "",
   "Product Link": "https://www.instacart.com/store/items/4553602?source1=aisle&source2=1329&source3=1329&impressionId=2366f7b9-de0c-468f-be63-ee2aee933d4a",
   "FIELD9": ""
 },
 {
   "category": "Personal Care",
   "subcategory": "Oral Hygiene",
   "name": "Jason All Natural Sea Fresh Antiplaque & Strengthening Toothpaste Deep Sea Spearmint\n",
   "price": "4.99",
   "description": "6 oz�",
   "image": "https://d2lnr5mha7bycj.cloudfront.net/product-image/file/large_68cc73f2-a57a-445c-bb64-cec2f841e4eb.jpg",
   "Image 2": "",
   "Product Link": "https://www.instacart.com/store/items/4464066?source1=aisle&source2=1329&source3=1329&impressionId=5345c0d7-f73f-43fe-a093-f73b6c90481c",
   "FIELD9": ""
 },
 {
   "category": "Personal Care",
   "subcategory": "Oral Hygiene",
   "name": "Tom's of Maine Wicked Fresh! Peppermint Wave Mouthwash\n",
   "price": "5.49",
   "description": "16 fl oz�",
   "image": "https://d2lnr5mha7bycj.cloudfront.net/product-image/file/large_f8e97fc5-dba1-43c5-9488-53e0b7437248.JPG",
   "Image 2": "",
   "Product Link": "https://www.instacart.com/store/items/4568126?source1=aisle&source2=1329&source3=1329&impressionId=41ba0722-8147-478b-a61f-b776bb0d932a",
   "FIELD9": ""
 },
 {
   "category": "Personal Care",
   "subcategory": "Oral Hygiene",
   "name": "Tom's of Maine Fluoride Toothpaste Natural Simply White Sweet Mint Gel\n",
   "price": "4.99",
   "description": "4.7 oz�",
   "image": "https://d2lnr5mha7bycj.cloudfront.net/product-image/file/large_c72ae200-b74d-4e20-a0f4-eb87464aedc4.jpg",
   "Image 2": "",
   "Product Link": "https://www.instacart.com/store/items/4553602?source1=aisle&source2=1329&source3=1329&impressionId=2366f7b9-de0c-468f-be63-ee2aee933d4a",
   "FIELD9": ""
 },
 {
   "category": "Personal Care",
   "subcategory": "Oral Hygiene",
   "name": "Dr. Bronner's All-One! Dr. Bronner's Peppermint All-One Toothpaste\n",
   "price": "6.49",
   "description": "5.0 oz�",
   "image": "https://d2lnr5mha7bycj.cloudfront.net/product-image/file/large_ca5842ad-5f21-411f-9dcc-5ea9a3ff0c3f.jpg",
   "Image 2": "",
   "Product Link": "https://www.instacart.com/store/items/18513288?source1=aisle&source2=1329&source3=1329&impressionId=fed3cf0b-7b7e-401f-b3b4-ab818b2659ca",
   "FIELD9": ""
 },
 {
   "category": "Personal Care",
   "subcategory": "Oral Hygiene",
   "name": "Preserve Medium Toothbrush\n",
   "price": "2.99",
   "description": "1 ct�",
   "image": "https://d2lnr5mha7bycj.cloudfront.net/product-image/file/large_14a127f0-dfb3-4da5-ad3c-930b29d725aa.jpg",
   "Image 2": "",
   "Product Link": "https://www.instacart.com/store/items/4555684?source1=aisle&source2=1329&source3=1329&impressionId=075755f1-154e-46ee-be1f-6b4c2564c445",
   "FIELD9": ""
 },
 {
   "category": "Personal Care",
   "subcategory": "Oral Hygiene",
   "name": "Tom's of Maine Natural Children's Toothpaste Silly Strawberry\n",
   "price": "3.99",
   "description": "4.2 oz�",
   "image": "https://d2lnr5mha7bycj.cloudfront.net/product-image/file/large_7be50899-87d9-4336-80e9-459390f95c67.jpg",
   "Image 2": "",
   "Product Link": "https://www.instacart.com/store/items/4475020?source1=aisle&source2=1329&source3=1329&impressionId=e401e545-f7e6-41c9-8a23-1d9d17e64a26",
   "FIELD9": ""
 },
 {
   "category": "Personal Care",
   "subcategory": "Oral Hygiene",
   "name": "Toms of Maine Toothpaste, Fluoride-Free, Antiplaque & Whitening, Spearmint\n",
   "price": "4.99",
   "description": "5.5 oz�",
   "image": "https://d2lnr5mha7bycj.cloudfront.net/product-image/file/large_c5b623ad-b470-483c-9388-e7ad17cebfbb.jpg",
   "Image 2": "",
   "Product Link": "https://www.instacart.com/store/items/4474505?source1=aisle&source2=1329&source3=1329&impressionId=8c70d24b-8f00-4bd2-9418-3a2e4eccaf1b",
   "FIELD9": ""
 },
 {
   "category": "Personal Care",
   "subcategory": "Oral Hygiene",
   "name": "Preserve Soft Toothbrush\n",
   "price": "2.99",
   "description": "1 each�",
   "image": "https://d2lnr5mha7bycj.cloudfront.net/product-image/file/large_5f18e7b5-0bc2-4fa2-8535-46af839e03d1.jpg",
   "Image 2": "",
   "Product Link": "https://www.instacart.com/store/items/4556229?source1=aisle&source2=1329&source3=1329&impressionId=6bf98f1e-f2ab-49e9-97db-aaca282b9990",
   "FIELD9": ""
 },
 {
   "category": "Personal Care",
   "subcategory": "Oral Hygiene",
   "name": "Tom's of Maine Whole Care Spearmint Toothpaste\n",
   "price": "4.99",
   "description": "4.7 oz�",
   "image": "https://d2lnr5mha7bycj.cloudfront.net/product-image/file/large_634c2f62-f39c-4e28-9b75-492cd7cc54f3.jpg",
   "Image 2": "",
   "Product Link": "https://www.instacart.com/store/items/4475709?source1=aisle&source2=1329&source3=1329&impressionId=e3fcf871-42f2-45a3-8da3-8cbfa81a2971",
   "FIELD9": ""
 },
 {
   "category": "Personal Care",
   "subcategory": "Oral Hygiene",
   "name": "Preserve Tooth Brush Ultra Soft\n",
   "price": "2.99",
   "description": "1.0 ct�",
   "image": "https://d2lnr5mha7bycj.cloudfront.net/product-image/file/large_57689914-7963-424c-b011-dc94301b872d.jpg",
   "Image 2": "",
   "Product Link": "https://www.instacart.com/store/items/4556795?source1=aisle&source2=1329&source3=1329&impressionId=066f43fe-58cd-4315-b514-489b14add4de",
   "FIELD9": ""
 },
 {
   "category": "Personal Care",
   "subcategory": "Oral Hygiene",
   "name": "Tom's of Maine Wicked Fresh! Spearmint Ice Toothpaste\n",
   "price": "4.99",
   "description": "5.5 oz�",
   "image": "https://d2lnr5mha7bycj.cloudfront.net/product-image/file/large_ec75083d-7b07-49f9-984b-ed5b099ab96b.JPG",
   "Image 2": "",
   "Product Link": "https://www.instacart.com/store/items/4553501?source1=aisle&source2=1329&source3=1329&impressionId=efc303ec-271a-467d-99eb-6e012d508c2f",
   "FIELD9": ""
 },
 {
   "category": "Personal Care",
   "subcategory": "Eye & Ear Care",
   "name": "Clear Conscience Contact Lens Solution",
   "price": "11.99",
   "description": "12 oz�",
   "image": "https://d2lnr5mha7bycj.cloudfront.net/product-image/file/large_c303a39b-ce01-4792-9a27-4d1d6676986b.jpg",
   "Image 2": "",
   "Product Link": "https://www.instacart.com/store/items/4461227?source1=aisle&source2=2252&source3=2252&impressionId=a123a21a-a00e-41e4-a4c0-f25cbfac225b",
   "FIELD9": ""
 },
 {
   "category": "Personal Care",
   "subcategory": "Eye & Ear Care",
   "name": "Clear Conscience Multi Purpose Soft Lenses Solution",
   "price": "6.29",
   "description": "3 oz�",
   "image": "https://d2lnr5mha7bycj.cloudfront.net/product-image/file/large_8b179d33-85f9-46e0-8e76-16ea35af386a.jpg",
   "Image 2": "",
   "Product Link": "https://www.instacart.com/store/items/4564982?source1=aisle&source2=2252&source3=2252&impressionId=9f1826e3-09d6-43f7-b454-803f3a7167f9",
   "FIELD9": ""
 },
 {
   "category": "Personal Care",
   "subcategory": "Eye & Ear Care",
   "name": "Similasan Dry Eye Relief Drops",
   "price": "14.99",
   "description": "0.33 fl oz�",
   "image": "https://d2lnr5mha7bycj.cloudfront.net/product-image/file/large_83847ee0-aac2-4a3b-b6b6-5e220a2b5b8e.jpg",
   "Image 2": "",
   "Product Link": "https://www.instacart.com/store/items/4470605?source1=aisle&source2=2252&source3=2252&impressionId=d399b7e7-b0c2-4507-b339-d795b507b5b3",
   "FIELD9": ""
 },
 {
   "category": "Personal Care",
   "subcategory": "Eye & Ear Care",
   "name": "Herb Pharm Mullein Garlic Ear Oil",
   "price": "12.99",
   "description": "1 fl oz�",
   "image": "https://d2lnr5mha7bycj.cloudfront.net/product-image/file/large_25db65d7-fd43-40b6-aa3d-f53a54930594.jpg",
   "Image 2": "",
   "Product Link": "https://www.instacart.com/store/items/4571495?source1=aisle&source2=2252&source3=2252&impressionId=d61f1fbf-0008-4a71-91f2-f868a3158356",
   "FIELD9": ""
 },
 {
   "category": "Personal Care",
   "subcategory": "Eye & Ear Care",
   "name": "Similasan Allergy Eye Relief",
   "price": "14.99",
   "description": ".33 fl oz�",
   "image": "https://d2lnr5mha7bycj.cloudfront.net/product-image/file/large_cc4e96f9-37f0-490e-8a9c-2efd9c8c8ae4.jpg",
   "Image 2": "",
   "Product Link": "https://www.instacart.com/store/items/4568827?source1=aisle&source2=2252&source3=2252&impressionId=8b0b8b35-861f-4040-9284-0762fe261b2a",
   "FIELD9": ""
 },
 {
   "category": "Personal Care",
   "subcategory": "Eye & Ear Care",
   "name": "Boiron Optique 1 Eye Irritation Relief Homeopathic Medicine - 10 CT\n",
   "price": "7.99",
   "description": "0.013 fl oz�",
   "image": "https://d2lnr5mha7bycj.cloudfront.net/product-image/file/large_cebf6522-7ce0-46bb-aea7-f7e6b1286005.jpg",
   "Image 2": "",
   "Product Link": "https://www.instacart.com/store/items/4463019?source1=aisle&source2=2252&source3=2252&impressionId=9fdd465a-8985-41b5-9d9f-5f14e8961b9f",
   "FIELD9": ""
 },
 {
   "category": "Personal Care",
   "subcategory": "Eye & Ear Care",
   "name": "Alba Botanica Fast Fix Thin Lips\n",
   "price": "5.99",
   "description": "0.25 oz�",
   "image": "https://d2lnr5mha7bycj.cloudfront.net/product-image/file/large_fc386520-58ff-405c-80d4-6c91eea7d0b4.jpg",
   "Image 2": "",
   "Product Link": "https://www.instacart.com/store/items/9595438?source1=aisle&source2=2252&source3=2252&impressionId=f2f1083b-7bd0-4f29-a8e8-24cd782b96ba",
   "FIELD9": ""
 },
 {
   "category": "Personal Care",
   "subcategory": "Eye & Ear Care",
   "name": "Hearos Ear Plugs Ultimate Softness Series - 6 PR\n",
   "price": "3.99",
   "description": "6.0 pr \n",
   "image": "https://d2lnr5mha7bycj.cloudfront.net/product-image/file/large_1180b681-79eb-4dbe-9b6d-3c31052e3ad2.jpg",
   "Image 2": "",
   "Product Link": "https://www.instacart.com/store/items/92950425?source1=aisle&source2=2252&source3=2252&impressionId=6d7bfc99-4b06-4310-891c-b067c0d53093",
   "FIELD9": ""
 },
 {
   "category": "Personal Care",
   "subcategory": "Eye & Ear Care",
   "name": "Earth Therapeutics Natural Sierra Pumice Brush\n",
   "price": "4.99",
   "description": "1 ct��",
   "image": "https://d2lnr5mha7bycj.cloudfront.net/product-image/file/large_83ffb832-7c99-4999-a581-328ba3586609.jpg",
   "Image 2": "",
   "Product Link": "https://www.instacart.com/store/items/4560594?source1=aisle&source2=2252&source3=2252&impressionId=4604f7a1-caf9-4857-9310-78fd73b46d9d",
   "FIELD9": ""
 },
 {
   "category": "Personal Care",
   "subcategory": "Eye & Ear Care",
   "name": "Similasan Aging Eye Relief\n",
   "price": "14.99",
   "description": "0.33 fl oz�",
   "image": "https://d2lnr5mha7bycj.cloudfront.net/product-image/file/large_1d0aa72b-b457-4cc1-8c8d-c52b91321da7.jpg",
   "Image 2": "",
   "Product Link": "https://www.instacart.com/store/items/4492503?source1=aisle&source2=2252&source3=2252&impressionId=e1038c1e-f087-4c3f-991f-fca1f2fc3a73",
   "FIELD9": ""
 },
 {
   "category": "Personal Care",
   "subcategory": "Eye & Ear Care",
   "name": "Weleda Wild Rose Smoothing Eye Cream\n",
   "price": "28.99",
   "description": "0.34 fl oz�",
   "image": "https://d2lnr5mha7bycj.cloudfront.net/product-image/file/large_fa25b84c-22df-43c5-abda-42421e9eee87.jpg",
   "Image 2": "",
   "Product Link": "https://www.instacart.com/store/items/23801965?source1=aisle&source2=2252&source3=2252&impressionId=e7711198-8452-4d50-b9ac-f3eb25658ab3",
   "FIELD9": ""
 },
 {
   "category": "Personal Care",
   "subcategory": "Eye & Ear Care",
   "name": "ICU Eyewear Assorted Womens Readers +2.00\n",
   "price": "22.99",
   "description": "",
   "image": "https://d2lnr5mha7bycj.cloudfront.net/product-image/file/large_74f8efea-3c0c-4081-a6a6-fe7cca7958c6.jpg",
   "Image 2": "",
   "Product Link": "https://www.instacart.com/store/items/4550368?source1=aisle&source2=2252&source3=2252&impressionId=979ef24f-32db-4b9a-8eae-285c718d4edb",
   "FIELD9": ""
 },
 {
   "category": "Personal Care",
   "subcategory": "Eye & Ear Care",
   "name": "ICU Eyewear Assorted Womens Readers 1.50\n",
   "price": "22.99",
   "description": "1 pr�",
   "image": "https://d2lnr5mha7bycj.cloudfront.net/product-image/file/large_847abd2e-9bb1-4024-b0cd-4a8af012d6f3.jpg",
   "Image 2": "",
   "Product Link": "https://www.instacart.com/store/items/4551216?source1=aisle&source2=2252&source3=2252&impressionId=f014e353-3fc6-4ba5-a5e0-772794e9a01f",
   "FIELD9": ""
 },
 {
   "category": "Personal Care",
   "subcategory": "Eye & Ear Care",
   "name": "ICU Eyewear Eyewear Assorted Women's Readers 1.25\n",
   "price": "22.99",
   "description": "1 ct�",
   "image": "https://d2lnr5mha7bycj.cloudfront.net/product-image/file/large_0ae13707-e700-4f49-a005-e540dba1edd9.jpg",
   "Image 2": "",
   "Product Link": "https://www.instacart.com/store/items/4551469?source1=aisle&source2=2252&source3=2252&impressionId=cc11476b-405c-487e-8dfb-1d22cc2ece9b",
   "FIELD9": ""
 },
 {
   "category": "Personal Care",
   "subcategory": "Eye & Ear Care",
   "name": "ICU Eyewear Adult Sunglasses",
   "price": "20.99",
   "description": "1 ct�",
   "image": "https://d2lnr5mha7bycj.cloudfront.net/product-image/file/large_a135e326-b1e9-43b3-aa9a-ea2dfc5958b6.jpg",
   "Image 2": "",
   "Product Link": "https://www.instacart.com/store/items/4552413?source1=aisle&source2=2252&source3=2252&impressionId=a9012fba-9ddb-4034-8f41-b61f38a6ca88",
   "FIELD9": ""
 },
 {
   "category": "Personal Care",
   "subcategory": "Eye & Ear Care",
   "name": "Jarrow Formulas Vision Optimizer Capsules\n",
   "price": "32.99",
   "description": "90 ct�",
   "image": "https://d2lnr5mha7bycj.cloudfront.net/product-image/file/large_c265c26c-7717-4666-a682-ccef6067da1f.jpg",
   "Image 2": "",
   "Product Link": "https://www.instacart.com/store/items/4557970?source1=aisle&source2=2252&source3=2252&impressionId=cddecec2-94fa-4743-8ac1-7a10e6fc7dfe",
   "FIELD9": ""
 },
 {
   "category": "Personal Care",
   "subcategory": "Eye & Ear Care",
   "name": "Weleda Evening Primrose Eye & Lip Cream\n",
   "price": "35.99",
   "description": "0.34 oz�",
   "image": "https://d2lnr5mha7bycj.cloudfront.net/product-image/file/large_08a72a72-525d-4e34-affd-515a378236b5.jpg",
   "Image 2": "",
   "Product Link": "https://www.instacart.com/store/items/24950561?source1=aisle&source2=2252&source3=2252&impressionId=c1194c90-255b-4bf3-954b-377c4e542a54",
   "FIELD9": ""
 },
 {
   "category": "Personal Care",
   "subcategory": "Eye & Ear Care",
   "name": "ICU Eyewear Assorted Mens Readers 1.50\n",
   "price": "22.99",
   "description": "1 pr \n",
   "image": "https://d2lnr5mha7bycj.cloudfront.net/product-image/file/large_25af9632-aed8-43f8-ab4b-36f3a23201f6.jpg",
   "Image 2": "",
   "Product Link": "https://www.instacart.com/store/items/4549026?source1=aisle&source2=2252&source3=2252&impressionId=a82a8f33-abe4-4771-b069-94034cd1ef3d",
   "FIELD9": ""
 },
 {
   "category": "Personal Care",
   "subcategory": "Eye & Ear Care",
   "name": "ICU Eyewear Assorted Womens Readers\n",
   "price": "22.99",
   "description": "",
   "image": "https://d2lnr5mha7bycj.cloudfront.net/product-image/file/large_75d736a6-6a3b-43ee-8dff-7d640f7e3a84.jpg",
   "Image 2": "",
   "Product Link": "https://www.instacart.com/store/items/4549323?source1=aisle&source2=2252&source3=2252&impressionId=1e59a756-9b3b-4279-87a6-6de813a6f2bd",
   "FIELD9": ""
 },
 {
   "category": "Personal Care",
   "subcategory": "Eye & Ear Care",
   "name": "ICU Eyewear Eyewear Assorted Men's Readers 1.75\n",
   "price": "22.99",
   "description": "1 ct�",
   "image": "https://d2lnr5mha7bycj.cloudfront.net/product-image/file/large_fd476b9c-d3b8-42bf-8dd6-b97f0017f8e1.jpg",
   "Image 2": "",
   "Product Link": "https://www.instacart.com/store/items/4548811?source1=aisle&source2=2252&source3=2252&impressionId=cf20da27-9776-47fc-b5c9-a8477941ca8a",
   "FIELD9": ""
 },
 {
   "category": "Personal Care",
   "subcategory": "Feminine Care",
   "name": "365 Regular Tampons With Applicator",
   "price": "3.49",
   "description": "20 ct�",
   "image": "https://d2lnr5mha7bycj.cloudfront.net/product-image/file/large_35b67aa7-5b57-43b0-b3a8-c77a4909dd6f.jpg",
   "Image 2": "",
   "Product Link": "https://www.instacart.com/store/items/4567684?source1=aisle&source2=527&source3=527&impressionId=72900178-de71-4ed4-b0ef-11b89d995a86",
   "FIELD9": ""
 },
 {
   "category": "Personal Care",
   "subcategory": "Feminine Care",
   "name": "365 Regular Pantiliners",
   "price": "3.49",
   "description": "40 ct�",
   "image": "https://d2lnr5mha7bycj.cloudfront.net/product-image/file/large_7a901ae2-4750-46cb-8312-d92012f452e1.jpg",
   "Image 2": "",
   "Product Link": "https://www.instacart.com/store/items/4567786?source1=aisle&source2=527&source3=527&impressionId=88ca58e3-b5e0-492f-827c-12d46ce14208",
   "FIELD9": ""
 },
 {
   "category": "Personal Care",
   "subcategory": "Feminine Care",
   "name": "365 Super Absorbency Tampons With Applicator",
   "price": "3.49",
   "description": "20 ct�",
   "image": "https://d2lnr5mha7bycj.cloudfront.net/product-image/file/large_d0f36f00-ae53-4711-9ac8-0e37e3e6937d.jpg",
   "Image 2": "",
   "Product Link": "https://www.instacart.com/store/items/4567556?source1=aisle&source2=527&source3=527&impressionId=cd356497-0bec-40fc-8fc1-5f8974d61822",
   "FIELD9": ""
 },
 {
   "category": "Personal Care",
   "subcategory": "Feminine Care",
   "name": "365 Regular Ultra Thin Winged Pads",
   "price": "3.49",
   "description": "18 ct�",
   "image": "https://d2lnr5mha7bycj.cloudfront.net/product-image/file/large_354e4a23-1b97-4304-baea-986bce8c9aae.jpg",
   "Image 2": "",
   "Product Link": "https://www.instacart.com/store/items/4568274?source1=aisle&source2=527&source3=527&impressionId=6e48bca6-486d-46ef-a96c-c5134fccc7a3",
   "FIELD9": ""
 },
 {
   "category": "Personal Care",
   "subcategory": "Feminine Care",
   "name": "Natracare Curved Panty Liners",
   "price": "3.49",
   "description": "30 ct�",
   "image": "https://d2lnr5mha7bycj.cloudfront.net/product-image/file/large_bcf515d1-6d37-42e1-ba69-180ba5c09015.jpg",
   "Image 2": "",
   "Product Link": "https://www.instacart.com/store/items/4568995?source1=aisle&source2=527&source3=527&impressionId=a0839f26-f79a-4862-ad5d-003d9904190b",
   "FIELD9": ""
 },
 {
   "category": "Personal Care",
   "subcategory": "Feminine Care",
   "name": "365 Overnight Maxi Pads With Wings\n",
   "price": "3.49",
   "description": "14 ct�",
   "image": "https://d2lnr5mha7bycj.cloudfront.net/product-image/file/large_dc0331ab-e58a-474d-8916-0bafe07def73.jpg",
   "Image 2": "",
   "Product Link": "https://www.instacart.com/store/items/4567889?source1=aisle&source2=527&source3=527&impressionId=5e828e24-2754-4b26-bbe9-70416fbdd9d3",
   "FIELD9": ""
 },
 {
   "category": "Personal Care",
   "subcategory": "Feminine Care",
   "name": "365 Super Plus Absorbency Tampons With Applicator\n",
   "price": "3.49",
   "description": "20 ct�",
   "image": "https://d2lnr5mha7bycj.cloudfront.net/product-image/file/large_c9744587-116f-4492-a6d5-d9b0ea20c4a2.jpg",
   "Image 2": "",
   "Product Link": "https://www.instacart.com/store/items/4567440?source1=aisle&source2=527&source3=527&impressionId=88425f8a-b148-41ff-b318-9dc9996e6e15",
   "FIELD9": ""
 },
 {
   "category": "Personal Care",
   "subcategory": "Feminine Care",
   "name": "Natracare Organic Cotton Ultra Pads Regular\n",
   "price": "5.79",
   "description": "14 ct�",
   "image": "https://d2lnr5mha7bycj.cloudfront.net/product-image/file/large_d8f88a3e-b457-43ba-89e7-368312eb8a2a.jpg",
   "Image 2": "",
   "Product Link": "https://www.instacart.com/store/items/4569115?source1=aisle&source2=527&source3=527&impressionId=a2520480-fd77-412d-b837-ce62774d46c2",
   "FIELD9": ""
 },
 {
   "category": "Personal Care",
   "subcategory": "Feminine Care",
   "name": "Natracare Organic Cotton Tampons\n",
   "price": "7.49",
   "description": "16 ct�",
   "image": "https://d2lnr5mha7bycj.cloudfront.net/product-image/file/large_d2a51d3c-7278-45f0-9354-2d1c6b1ee304.jpg",
   "Image 2": "",
   "Product Link": "https://www.instacart.com/store/items/4568344?source1=aisle&source2=527&source3=527&impressionId=5b07859b-446e-4458-99ac-aa33fd7143f4",
   "FIELD9": ""
 },
 {
   "category": "Personal Care",
   "subcategory": "Feminine Care",
   "name": "Natracare Organic Regular Cotton Tampons No Applicator\n",
   "price": "6.59",
   "description": "20 ct�",
   "image": "https://d2lnr5mha7bycj.cloudfront.net/product-image/file/large_ca7c44f0-66f7-40f9-8c46-3eb7597b44eb.jpg",
   "Image 2": "",
   "Product Link": "https://www.instacart.com/store/items/4569926?source1=aisle&source2=527&source3=527&impressionId=4e2a6285-cbe5-44e6-a9d8-a6dcbc1da9e2",
   "FIELD9": ""
 },
 {
   "category": "Personal Care",
   "subcategory": "Feminine Care",
   "name": "Natracare Organic Cotton Intimate Wipes\n",
   "price": "3.99",
   "description": "12 ct�",
   "image": "https://d2lnr5mha7bycj.cloudfront.net/product-image/file/large_ec7f0102-56b8-4e5e-8e12-c028541cc4fd.jpg",
   "Image 2": "",
   "Product Link": "https://www.instacart.com/store/items/4567840?source1=aisle&source2=527&source3=527&impressionId=3839d5a4-2cb5-4dd7-9a60-09ee47bb1d3a",
   "FIELD9": ""
 },
 {
   "category": "Personal Care",
   "subcategory": "Feminine Care",
   "name": "Natracare Organic Super Cotton Tampons With Applicator\n",
   "price": "7.79",
   "description": "16 ct ",
   "image": "https://d2lnr5mha7bycj.cloudfront.net/product-image/file/large_2dfaafc3-045d-40a1-98bc-034b2ec616bb.jpg",
   "Image 2": "",
   "Product Link": "https://www.instacart.com/store/items/4568211?source1=aisle&source2=527&source3=527&impressionId=02042360-bdc2-4fe1-a017-8fd4503d1cb8",
   "FIELD9": ""
 },
 {
   "category": "Personal Care",
   "subcategory": "Feminine Care",
   "name": "Seventh Generation Free & Clear Chlorine Free Maxi Overnight Feminine Pads\n",
   "price": "5.99",
   "description": "14 ct�",
   "image": "https://d2lnr5mha7bycj.cloudfront.net/product-image/file/large_301bfcf8-2eeb-46b4-9035-841abc8d7b1e.JPG",
   "Image 2": "",
   "Product Link": "https://www.instacart.com/store/items/4460079?source1=aisle&source2=527&source3=527&impressionId=74539147-c34d-4d33-938d-353f7360e6cf",
   "FIELD9": ""
 },
 {
   "category": "Personal Care",
   "subcategory": "Feminine Care",
   "name": "365 Ultra Thin Overnight Pads With Wings\n",
   "price": "3.49",
   "description": "14 ct�",
   "image": "https://d2lnr5mha7bycj.cloudfront.net/product-image/file/large_547bfe84-4ff3-438d-9bbf-54b903cb3af0.jpg",
   "Image 2": "",
   "Product Link": "https://www.instacart.com/store/items/4568047?source1=aisle&source2=527&source3=527&impressionId=136fb78b-621e-43d7-a889-0e2213b789af",
   "FIELD9": ""
 },
 {
   "category": "Personal Care",
   "subcategory": "Feminine Care",
   "name": "365 Super Ultra Thin Pads With Wings\n",
   "price": "3.49",
   "description": "16 ct�",
   "image": "https://d2lnr5mha7bycj.cloudfront.net/product-image/file/large_9cecf459-275b-4437-a59c-c584d94edbe2.jpg",
   "Image 2": "",
   "Product Link": "https://www.instacart.com/store/items/4568172?source1=aisle&source2=527&source3=527&impressionId=aaced115-8387-49b6-bf80-5c0e44d2cc39",
   "FIELD9": ""
 },
 {
   "category": "Personal Care",
   "subcategory": "Feminine Care",
   "name": "Natracare Organic & Natural Cotton Panty Liners\n",
   "price": "3.49",
   "description": "30 ct�",
   "image": "https://d2lnr5mha7bycj.cloudfront.net/product-image/file/large_73f1335c-c202-43d2-8cec-a404f17f470f.jpg",
   "Image 2": "",
   "Product Link": "https://www.instacart.com/store/items/4569514?source1=aisle&source2=527&source3=527&impressionId=d21ad105-f4e1-4ad9-9be4-94d98828d2aa",
   "FIELD9": ""
 },
 {
   "category": "Personal Care",
   "subcategory": "Feminine Care",
   "name": "Seventh Generation Free & Clear Chlorine Free Ultra-Thin Regular with Wings Feminine Pads\n",
   "price": "5.99",
   "description": "18 ct�",
   "image": "https://d2lnr5mha7bycj.cloudfront.net/product-image/file/large_bcac5912-5a6b-47b7-a81d-b9abed2423cc.jpg",
   "Image 2": "",
   "Product Link": "https://www.instacart.com/store/items/4459884?source1=aisle&source2=527&source3=527&impressionId=e003f9f1-2278-4b0e-88e4-eeda4edc26a1",
   "FIELD9": ""
 },
 {
   "category": "Personal Care",
   "subcategory": "Feminine Care",
   "name": "Natracare Super Tampon\n",
   "price": "6.59",
   "description": "20 ct�",
   "image": "https://d2lnr5mha7bycj.cloudfront.net/product-image/file/large_697ebe29-025e-4506-a4ea-53482e28b0d3.jpg",
   "Image 2": "",
   "Product Link": "https://www.instacart.com/store/items/4569747?source1=aisle&source2=527&source3=527&impressionId=0eb1b3f8-7f8e-415c-be9f-81078d39f1ec",
   "FIELD9": ""
 },
 {
   "category": "Personal Care",
   "subcategory": "Feminine Care",
   "name": "Azalea Organic Super Tampons Without Applicator\n",
   "price": "5.99",
   "description": "20 ct�",
   "image": "https://d2lnr5mha7bycj.cloudfront.net/product-image/file/large_697dff11-23ee-4c48-885d-16f70d93f7bc.jpg",
   "Image 2": "",
   "Product Link": "https://www.instacart.com/store/items/4568460?source1=aisle&source2=527&source3=527&impressionId=712f2b0f-d0c9-4864-947a-bcddb1a09c32",
   "FIELD9": ""
 },
 {
   "category": "Personal Care",
   "subcategory": "Feminine Care",
   "name": "Azalea Regular Maxi Pad With Wings Cotton\n",
   "price": "5.99",
   "description": "10 ct \n",
   "image": "https://d2lnr5mha7bycj.cloudfront.net/product-image/file/large_2c516cf9-6ae1-41ad-b9cf-f555d80afb20.jpg",
   "Image 2": "",
   "Product Link": "https://www.instacart.com/store/items/4511949?source1=aisle&source2=527&source3=527&impressionId=452c7c57-38af-4843-adda-c9262f9dbf3c",
   "FIELD9": ""
 },
 {
   "category": "Personal Care",
   "subcategory": "First Aid",
   "name": "Boiron First Aid Calendula Cream",
   "price": "11.99",
   "description": "2.5 oz�",
   "image": "https://d2lnr5mha7bycj.cloudfront.net/product-image/file/large_5cb4d052-4d6b-4397-aaac-8d2d954d88fa.jpg",
   "Image 2": "",
   "Product Link": "https://www.instacart.com/store/items/4482789?source1=aisle&source2=2254&source3=2254&impressionId=96703f43-be98-4621-a194-dcc4acb6254a",
   "FIELD9": ""
 },
 {
   "category": "Personal Care",
   "subcategory": "First Aid",
   "name": "Boiron Calendula Ointment First Aid Homeopathic Medicine",
   "price": "7.99",
   "description": "1.0 oz�",
   "image": "https://d2lnr5mha7bycj.cloudfront.net/product-image/file/large_c748ba6a-cc86-4622-b9a1-43e84dccab0b.jpg",
   "Image 2": "",
   "Product Link": "https://www.instacart.com/store/items/21900310?source1=aisle&source2=2254&source3=2254&impressionId=0d76cca6-3005-436c-8d70-c0ee05f8211f",
   "FIELD9": ""
 },
 {
   "category": "Personal Care",
   "subcategory": "First Aid",
   "name": "Boiron Bryonia 6 C Pellets",
   "price": "6.99",
   "description": "80 ct�",
   "image": "https://d2lnr5mha7bycj.cloudfront.net/product-image/file/large_755d6f41-94ac-402e-b79c-256c66a5767a.jpg",
   "Image 2": "",
   "Product Link": "https://www.instacart.com/store/items/4474031?source1=aisle&source2=2254&source3=2254&impressionId=3fa3c1cd-2598-4dd5-b1db-a960386e176d",
   "FIELD9": ""
 },
 {
   "category": "Personal Care",
   "subcategory": "First Aid",
   "name": "SaltWorks Premium Epsom Salt",
   "price": "9.99",
   "description": "5 lb�",
   "image": "https://d2lnr5mha7bycj.cloudfront.net/product-image/file/large_0b3c9c90-cd23-4203-9476-86ca458ae2b4.jpg",
   "Image 2": "",
   "Product Link": "https://www.instacart.com/store/items/21471987?source1=aisle&source2=2254&source3=2254&impressionId=5d801905-e7fc-4f43-92bb-9c9ab3e81f5d",
   "FIELD9": ""
 },
 {
   "category": "Personal Care",
   "subcategory": "First Aid",
   "name": "Essential Oxygen Hydrogen Peroxide 3%",
   "price": "10.99",
   "description": "16 fl oz�",
   "image": "https://d2lnr5mha7bycj.cloudfront.net/product-image/file/large_e38c5e9c-2d39-49c4-99a1-842839c1ba0b.jpg",
   "Image 2": "",
   "Product Link": "https://www.instacart.com/store/items/4566390?source1=aisle&source2=2254&source3=2254&impressionId=a205d968-3626-46d8-acca-7f5f61d78044",
   "FIELD9": ""
 },
 {
   "category": "Personal Care",
   "subcategory": "First Aid",
   "name": "All Terrain Assorted Latex Free Fabric Bandages\n",
   "price": "4.59",
   "description": "30 ct�",
   "image": "https://d2lnr5mha7bycj.cloudfront.net/product-image/file/large_9e9deeeb-53f6-44ba-8f2d-0f9b0ba7f345.jpg",
   "Image 2": "",
   "Product Link": "https://www.instacart.com/store/items/4549180?source1=aisle&source2=2254&source3=2254&impressionId=985b7bb4-b041-47aa-87ba-d24d5831934d",
   "FIELD9": ""
 },
 {
   "category": "Personal Care",
   "subcategory": "First Aid",
   "name": "Tea Tree Therapy Natural Antiseptic, Tea Tree Oil\n",
   "price": "7.79",
   "description": "0.50 oz \n",
   "image": "https://d2lnr5mha7bycj.cloudfront.net/product-image/file/large_5dada3af-a832-45d1-80c8-0576620e4f10.jpg",
   "Image 2": "",
   "Product Link": "https://www.instacart.com/store/items/4571861?source1=aisle&source2=2254&source3=2254&impressionId=bad853a2-0276-4d65-8aba-683f71657083",
   "FIELD9": ""
 },
 {
   "category": "Personal Care",
   "subcategory": "First Aid",
   "name": "EO Lavender Essential Oil Hand Sanitizing Gel\n",
   "price": "3.99",
   "description": "2 fl oz��",
   "image": "https://d2lnr5mha7bycj.cloudfront.net/product-image/file/large_803af86f-1151-4430-bf36-d228e83c86c5.jpg",
   "Image 2": "",
   "Product Link": "https://www.instacart.com/store/items/4473204?source1=aisle&source2=2254&source3=2254&impressionId=f74cfb27-8ca6-4557-86d7-b2b91e8d942d",
   "FIELD9": ""
 },
 {
   "category": "Personal Care",
   "subcategory": "First Aid",
   "name": "Now Tea Tree Oil\n",
   "price": "10.49",
   "description": "1 oz�",
   "image": "https://d2lnr5mha7bycj.cloudfront.net/product-image/file/large_cae3dc40-1717-421d-8353-065442fa94aa.jpg",
   "Image 2": "",
   "Product Link": "https://www.instacart.com/store/items/4498625?source1=aisle&source2=2254&source3=2254&impressionId=9b2222c8-2b6a-40fa-a7eb-a76620e7e766",
   "FIELD9": ""
 },
 {
   "category": "Personal Care",
   "subcategory": "First Aid",
   "name": "Home Health Castor Oil\n",
   "price": "5.99",
   "description": "8 oz�",
   "image": "https://d2lnr5mha7bycj.cloudfront.net/product-image/file/large_02fbd58d-3bd9-44a4-bafe-d33b36391e4f.jpg",
   "Image 2": "",
   "Product Link": "https://www.instacart.com/store/items/4481651?source1=aisle&source2=2254&source3=2254&impressionId=da56f2d1-8fd6-408f-b198-327288b2fb07",
   "FIELD9": ""
 },
 {
   "category": "Personal Care",
   "subcategory": "First Aid",
   "name": "Everyone Hand Sanitizer Gel, Coconut + Lemon\n",
   "price": "2.99",
   "description": "2 oz�",
   "image": "https://d2lnr5mha7bycj.cloudfront.net/product-image/file/large_f07a8316-26ae-460a-8388-3f0ff000db4b.jpg",
   "Image 2": "",
   "Product Link": "https://www.instacart.com/store/items/4504096?source1=aisle&source2=2254&source3=2254&impressionId=c0110fbe-ca9a-4f52-99cf-9d1d2b8a7f21",
   "FIELD9": ""
 },
 {
   "category": "Personal Care",
   "subcategory": "First Aid",
   "name": "EO Peppermint & Citrus Hand Sanitizer Spray\n",
   "price": "2.99",
   "description": "2 oz�",
   "image": "https://d2lnr5mha7bycj.cloudfront.net/product-image/file/large_8168a3f3-579d-482b-b837-ff94467cc297.jpg",
   "Image 2": "",
   "Product Link": "https://www.instacart.com/store/items/4595149?source1=aisle&source2=2254&source3=2254&impressionId=7878f553-634b-45fb-9909-5df093855edf",
   "FIELD9": ""
 },
 {
   "category": "Personal Care",
   "subcategory": "First Aid",
   "name": "Everyone Coconut Lemon Hand Sanitizer Wipes\n",
   "price": "6.99",
   "description": "30 ct�",
   "image": "https://d2lnr5mha7bycj.cloudfront.net/product-image/file/large_040aa82a-330b-4ec9-85f5-b34faca931fa.jpeg",
   "Image 2": "",
   "Product Link": "https://www.instacart.com/store/items/19110492?source1=aisle&source2=2254&source3=2254&impressionId=2246a892-f235-4215-a16e-d7bfc1bcd4a1",
   "FIELD9": ""
 },
 {
   "category": "Personal Care",
   "subcategory": "First Aid",
   "name": "Tiger Balm Pain Relieving Patch - 5 CT\n",
   "price": "7.49",
   "description": "5.0 ct�",
   "image": "https://d2lnr5mha7bycj.cloudfront.net/product-image/file/large_9e21764c-9430-447c-ac73-ee73a9463a8e.jpg",
   "Image 2": "",
   "Product Link": "https://www.instacart.com/store/items/4486031?source1=aisle&source2=2254&source3=2254&impressionId=918fc15e-2615-47a8-99b9-0d8035b37b09",
   "FIELD9": ""
 },
 {
   "category": "Personal Care",
   "subcategory": "First Aid",
   "name": "All Terrain Bandages\n",
   "price": "4.59",
   "description": "20.00 ea�",
   "image": "https://d2lnr5mha7bycj.cloudfront.net/product-image/file/large_72c57a85-c1f7-4403-8069-d1b860ceead5.jpg",
   "Image 2": "",
   "Product Link": "https://www.instacart.com/store/items/4548830?source1=aisle&source2=2254&source3=2254&impressionId=3c4c854a-e138-4167-a0c7-1f776adaa3db",
   "FIELD9": ""
 },
 {
   "category": "Personal Care",
   "subcategory": "First Aid",
   "name": "Kiss My Face Obsessively Kids Defense Air Powered Spray SPF 50\n",
   "price": "16.99",
   "description": "6.0 fl oz�",
   "image": "https://d2lnr5mha7bycj.cloudfront.net/product-image/file/large_f5ee403e-5caf-4a92-a16f-7e2f4fe8214d.jpg",
   "Image 2": "",
   "Product Link": "https://www.instacart.com/store/items/4532780?source1=aisle&source2=2254&source3=2254&impressionId=b18b175d-d03e-4a58-9508-94e1ea4084ec",
   "FIELD9": ""
 },
 {
   "category": "Personal Care",
   "subcategory": "First Aid",
   "name": "All Terrain Sheer Bandages\n",
   "price": "3.99",
   "description": "40.00 ea�",
   "image": "https://d2lnr5mha7bycj.cloudfront.net/product-image/file/large_05559741-08ca-4eb1-8206-83358aa71f25.jpg",
   "Image 2": "",
   "Product Link": "https://www.instacart.com/store/items/4548946?source1=aisle&source2=2254&source3=2254&impressionId=d207621a-6b4a-4cdd-b8a4-62d210957b30",
   "FIELD9": ""
 },
 {
   "category": "Personal Care",
   "subcategory": "First Aid",
   "name": "Kiss My Face Sunscreen Cool Sport Air Powered Spray SPF 50\n",
   "price": "16.99",
   "description": "6.0 fl oz�",
   "image": "https://d2lnr5mha7bycj.cloudfront.net/product-image/file/large_41e5e332-d115-4aeb-bb81-113fe0d2591a.jpg",
   "Image 2": "",
   "Product Link": "https://www.instacart.com/store/items/4554451?source1=aisle&source2=2254&source3=2254&impressionId=98b61b0a-0fa0-493c-a371-616568ed668c",
   "FIELD9": ""
 },
 {
   "category": "Personal Care",
   "subcategory": "First Aid",
   "name": "Badger Organic Anti-Bug Shake & Spray\n",
   "price": "12.99",
   "description": "4 oz�",
   "image": "https://d2lnr5mha7bycj.cloudfront.net/product-image/file/large_5c3c67ef-d4f4-435f-8b86-2e93085621c9.jpg",
   "Image 2": "",
   "Product Link": "https://www.instacart.com/store/items/4560298?source1=aisle&source2=2254&source3=2254&impressionId=7102fa7a-a655-4635-8c9b-adf24aa7ac7f",
   "FIELD9": ""
 },
 {
   "category": "Personal Care",
   "subcategory": "First Aid",
   "name": "Badger Sport Sunscreen SPF 35\n",
   "price": "15.99",
   "description": "2.9 oz�",
   "image": "https://d2lnr5mha7bycj.cloudfront.net/product-image/file/large_f44ca3c7-e820-4c5d-a9ef-0365085cccbf.jpg",
   "Image 2": "",
   "Product Link": "https://www.instacart.com/store/items/6832367?source1=aisle&source2=2254&source3=2254&impressionId=487611a5-8962-43a0-8b1c-5437388399cc",
   "FIELD9": ""
 },
 {
   "category": "Personal Care",
   "subcategory": "Foot Care",
   "name": "Earth Therapeutics Wooden Foot File",
   "price": "3.29",
   "description": "",
   "image": "https://d2lnr5mha7bycj.cloudfront.net/product-image/file/large_f2a2b180-85ce-4ecd-891e-bb283dcf04db.jpg",
   "Image 2": "",
   "Product Link": "https://www.instacart.com/store/items/4560184?source1=aisle&source2=2253&source3=2253&impressionId=2ba6a865-45aa-46e7-85d3-97fc8c5b33a4",
   "FIELD9": ""
 },
 {
   "category": "Personal Care",
   "subcategory": "Foot Care",
   "name": "Burt's Bees Coconut Foot Creme",
   "price": "9.99",
   "description": "4.34 oz�",
   "image": "https://d2lnr5mha7bycj.cloudfront.net/product-image/file/large_177f28b6-99b6-428b-82fb-872f696654dc.jpg",
   "Image 2": "",
   "Product Link": "https://www.instacart.com/store/items/4565446?source1=aisle&source2=2253&source3=2253&impressionId=673b3c19-f599-44f6-b08c-8a79482dccf0",
   "FIELD9": ""
 },
 {
   "category": "Personal Care",
   "subcategory": "Foot Care",
   "name": "Traumeel Pain Relief, Tablets",
   "price": "11.99",
   "description": "100.00 ea�",
   "image": "https://d2lnr5mha7bycj.cloudfront.net/product-image/file/large_ce8779a0-eaea-406c-a2cb-6cffad9d90db.jpg",
   "Image 2": "",
   "Product Link": "https://www.instacart.com/store/items/4569376?source1=aisle&source2=2253&source3=2253&impressionId=3d87b3e5-fd2e-4ff8-9c68-3859ebee834d",
   "FIELD9": ""
 },
 {
   "category": "Personal Care",
   "subcategory": "Foot Care",
   "name": "ShiKai Unscented Foot Cream",
   "price": "11.49",
   "description": "4.2 fl oz�",
   "image": "https://d2lnr5mha7bycj.cloudfront.net/product-image/file/large_1ea39277-f64b-4b41-9b7e-795a82732ac7.jpg",
   "Image 2": "",
   "Product Link": "https://www.instacart.com/store/items/4571824?source1=aisle&source2=2253&source3=2253&impressionId=8855746c-e846-41e9-b1ce-04c0112a5d26",
   "FIELD9": ""
 },
 {
   "category": "Personal Care",
   "subcategory": "Foot Care",
   "name": "Tweezerman Stainless Steel Toenail Clipper",
   "price": "8.49",
   "description": "",
   "image": "https://d2lnr5mha7bycj.cloudfront.net/product-image/file/large_30e5aefd-be6d-40df-8fde-769b698be84e.jpg",
   "Image 2": "",
   "Product Link": "https://www.instacart.com/store/items/4486224?source1=aisle&source2=2253&source3=2253&impressionId=a33975e0-494e-4ff2-be61-2a266a1a05a0",
   "FIELD9": ""
 },
 {
   "category": "Personal Care",
   "subcategory": "Foot Care",
   "name": "Moon Valley Organics Peppermint Foot Rub\n",
   "price": "12.99",
   "description": "1.7 oz�",
   "image": "https://d2lnr5mha7bycj.cloudfront.net/product-image/file/large_44341a87-b7b9-4320-b8ee-13bdfd02c95d.jpg",
   "Image 2": "",
   "Product Link": "https://www.instacart.com/store/items/4567536?source1=aisle&source2=2253&source3=2253&impressionId=9a523f0e-e48a-40ec-a01c-894bd18b0402",
   "FIELD9": ""
 },
 {
   "category": "Personal Care",
   "subcategory": "Beauty",
   "name": "Boiron Arnica Homeopathic Pain Relief Gel",
   "price": "7.99",
   "description": "1.5 oz�",
   "image": "https://d2lnr5mha7bycj.cloudfront.net/product-image/file/large_5fb4ce89-8c07-43a7-a51d-db061ae0c348.jpg",
   "Image 2": "",
   "Product Link": "https://www.instacart.com/store/items/4483287?source1=aisle&source2=9536&source3=9536&impressionId=7cf231ca-c0fe-43e8-a90e-fa8d4522a164",
   "FIELD9": ""
 },
 {
   "category": "Personal Care",
   "subcategory": "Beauty",
   "name": "Boiron Arnicare Cream Homeopathic Medicine Pain Relief",
   "price": "7.99",
   "description": "1.33 oz�",
   "image": "https://d2lnr5mha7bycj.cloudfront.net/product-image/file/large_9bc27c13-1579-45af-9734-7402df38de80.jpg",
   "Image 2": "",
   "Product Link": "https://www.instacart.com/store/items/4483118?source1=aisle&source2=9536&source3=9536&impressionId=3aa2a102-e60b-4799-8378-cc9b7ce8f1bb",
   "FIELD9": ""
 },
 {
   "category": "Personal Care",
   "subcategory": "Beauty",
   "name": "Boiron Arnicare Cream Homeopathic Medicine Pain Relief",
   "price": "11.99",
   "description": "2.5 oz�",
   "image": "https://d2lnr5mha7bycj.cloudfront.net/product-image/file/large_f057d93a-5980-4d53-8c6c-79654f25059a.jpg",
   "Image 2": "",
   "Product Link": "https://www.instacart.com/store/items/4483032?source1=aisle&source2=9536&source3=9536&impressionId=096d0487-3303-4c0b-a51c-5f4b5230b6ab",
   "FIELD9": ""
 },
 {
   "category": "Personal Care",
   "subcategory": "Beauty",
   "name": "Mrs. Meyer's Lavender Hand Soap",
   "price": "5.79",
   "description": "12.5 fl oz�",
   "image": "https://d2lnr5mha7bycj.cloudfront.net/product-image/file/large_bdf93e16-0443-4bc3-8063-743e8d609044.jpg",
   "Image 2": "",
   "Product Link": "https://www.instacart.com/store/items/4545392?source1=aisle&source2=9536&source3=9536&impressionId=043012d6-c54a-4285-8196-d84e2cdc1eb0",
   "FIELD9": ""
 },
 {
   "category": "Personal Care",
   "subcategory": "Beauty",
   "name": "SaltWorks Premium Epsom Salt",
   "price": "9.99",
   "description": "5 lb�",
   "image": "https://d2lnr5mha7bycj.cloudfront.net/product-image/file/large_0b3c9c90-cd23-4203-9476-86ca458ae2b4.jpg",
   "Image 2": "",
   "Product Link": "https://www.instacart.com/store/items/21471987?source1=aisle&source2=9536&source3=9536&impressionId=c88a351c-bf2d-4a2a-9626-84e7ee01446a",
   "FIELD9": ""
 },
 {
   "category": "Personal Care",
   "subcategory": "Beauty",
   "name": "365 Organic Cotton Rounds\n",
   "price": "3.99",
   "description": "100 ct�",
   "image": "https://d2lnr5mha7bycj.cloudfront.net/product-image/file/large_72aede2e-c6e6-42e7-bce3-bdddfe9ca330.jpg",
   "Image 2": "",
   "Product Link": "https://www.instacart.com/store/items/18501127?source1=aisle&source2=9536&source3=9536&impressionId=2721c080-5ea0-4887-83d2-da44f479a43a",
   "FIELD9": ""
 },
 {
   "category": "Personal Care",
   "subcategory": "Beauty",
   "name": "Mrs. Meyer's Lemon Verbena Hand Soap\n",
   "price": "5.79",
   "description": "12.5 fl oz�",
   "image": "https://d2lnr5mha7bycj.cloudfront.net/product-image/file/large_45018167-8851-4809-b07b-d9033fe53b64.jpg",
   "Image 2": "",
   "Product Link": "https://www.instacart.com/store/items/4570731?source1=aisle&source2=9536&source3=9536&impressionId=3bb21fa8-fcbc-4521-86dd-abcec3c02288",
   "FIELD9": ""
 },
 {
   "category": "Personal Care",
   "subcategory": "Beauty",
   "name": "365 Soft Double Tipped Cotton Swabs\n",
   "price": "3.99",
   "description": "180 ct�",
   "image": "https://d2lnr5mha7bycj.cloudfront.net/product-image/file/large_8d930ad4-a701-4d60-b374-56de687eb118.jpg",
   "Image 2": "",
   "Product Link": "https://www.instacart.com/store/items/4571503?source1=aisle&source2=9536&source3=9536&impressionId=e322604c-9b69-471b-aeb8-31148124a2a3",
   "FIELD9": ""
 },
 {
   "category": "Personal Care",
   "subcategory": "Beauty",
   "name": "Mrs. Meyer's Basil Hand Soap\n",
   "price": "5.79",
   "description": "12.5 oz�",
   "image": "https://d2lnr5mha7bycj.cloudfront.net/product-image/file/large_246be575-8a8e-42db-8afc-c7922178416f.jpg",
   "Image 2": "",
   "Product Link": "https://www.instacart.com/store/items/4545811?source1=aisle&source2=9536&source3=9536&impressionId=af2e1839-909a-443f-ba64-fe11b6ec17c6",
   "FIELD9": ""
 },
 {
   "category": "Personal Care",
   "subcategory": "Beauty",
   "name": "365 Organic Cotton Balls\n",
   "price": "2.99",
   "description": "100 ct�",
   "image": "https://d2lnr5mha7bycj.cloudfront.net/product-image/file/large_9f438724-a267-4bbb-b1aa-67c189235416.jpg",
   "Image 2": "",
   "Product Link": "https://www.instacart.com/store/items/4484283?source1=aisle&source2=9536&source3=9536&impressionId=65e2d39c-f9eb-4b57-b911-0af9351e3f25",
   "FIELD9": ""
 },
 {
   "category": "Personal Care",
   "subcategory": "Beauty",
   "name": "Mrs. Meyer's Geranium Hand Soap\n",
   "price": "5.79",
   "description": "12.5 oz�",
   "image": "https://d2lnr5mha7bycj.cloudfront.net/product-image/file/large_92b3fa96-c8eb-49e5-b247-06a62d769484.jpg",
   "Image 2": "",
   "Product Link": "https://www.instacart.com/store/items/4570591?source1=aisle&source2=9536&source3=9536&impressionId=1ce24003-97e2-4374-8dd8-1293cca52730",
   "FIELD9": ""
 },
 {
   "category": "Personal Care",
   "subcategory": "Beauty",
   "name": "Tom's of Maine Whole Care Peppermint Toothpaste\n",
   "price": "4.99",
   "description": "4.7 oz�",
   "image": "https://d2lnr5mha7bycj.cloudfront.net/product-image/file/large_2a931a43-62c0-4f29-8e67-c2c1f6274614.JPG",
   "Image 2": "",
   "Product Link": "https://www.instacart.com/store/items/4475784?source1=aisle&source2=9536&source3=9536&impressionId=d6fec685-587d-4461-b7df-0103fb10b470",
   "FIELD9": ""
 },
 {
   "category": "Personal Care",
   "subcategory": "Beauty",
   "name": "Tom's of Maine Simply White Clean Mint Toothpaste\n",
   "price": "4.99",
   "description": "4.7 oz ",
   "image": "https://d2lnr5mha7bycj.cloudfront.net/product-image/file/large_dac2f876-14e4-4d08-8752-d3ec38d24c31.jpg",
   "Image 2": "",
   "Product Link": "https://www.instacart.com/store/items/4554459?source1=aisle&source2=9536&source3=9536&impressionId=0302d24f-fc54-4ae6-83f6-5ff3ae9d6ac8",
   "FIELD9": ""
 },
 {
   "category": "Personal Care",
   "subcategory": "Beauty",
   "name": "365 Regular Tampons With Applicator\n",
   "price": "3.49",
   "description": "20 ct�",
   "image": "https://d2lnr5mha7bycj.cloudfront.net/product-image/file/large_35b67aa7-5b57-43b0-b3a8-c77a4909dd6f.jpg",
   "Image 2": "",
   "Product Link": "https://www.instacart.com/store/items/4567684?source1=aisle&source2=9536&source3=9536&impressionId=c5176d02-4af6-4927-97b2-a05f7dd523a9",
   "FIELD9": ""
 },
 {
   "category": "Personal Care",
   "subcategory": "Beauty",
   "name": "Tom's of Maine Children's Silly Strawberry Toothpaste\n",
   "price": "3.99",
   "description": "4.2 oz�",
   "image": "https://d2lnr5mha7bycj.cloudfront.net/product-image/file/large_82b21158-9078-4f13-abaa-83a914afe371.jpg",
   "Image 2": "",
   "Product Link": "https://www.instacart.com/store/items/4474741?source1=aisle&source2=9536&source3=9536&impressionId=72e983b5-57fa-4751-a14f-2790264e8ae7",
   "FIELD9": ""
 },
 {
   "category": "Personal Care",
   "subcategory": "Beauty",
   "name": "Dr. Bronner's Magic Soaps 18-in-1 Hemp Pure-Castile Soap Peppermint\n",
   "price": "17.99",
   "description": "32 fl oz�",
   "image": "https://d2lnr5mha7bycj.cloudfront.net/product-image/file/large_86aaf871-f637-4d15-b815-bd684bea6c46.jpg",
   "Image 2": "",
   "Product Link": "https://www.instacart.com/store/items/4485689?source1=aisle&source2=9536&source3=9536&impressionId=95efb1b0-74d3-48a0-88b5-2c621ab93aa6",
   "FIELD9": ""
 },
 {
   "category": "Personal Care",
   "subcategory": "Beauty",
   "name": "Everyone Hand Soap Lavender + Coconut\n",
   "price": "5.99",
   "description": "12.75 fl oz�",
   "image": "https://d2lnr5mha7bycj.cloudfront.net/product-image/file/large_220ab83e-89be-4da6-aa43-8ae2a9d24ea0.jpg",
   "Image 2": "",
   "Product Link": "https://www.instacart.com/store/items/4503618?source1=aisle&source2=9536&source3=9536&impressionId=0dc8c4f8-5510-4b8a-a8ac-090ca61a408a",
   "FIELD9": ""
 },
 {
   "category": "Personal Care",
   "subcategory": "Beauty",
   "name": "Acure Moroccan Argan Oil + Argan Stem Cell Triple Moisture Conditioner\n",
   "price": "9.99",
   "description": "8 oz�",
   "image": "https://d2lnr5mha7bycj.cloudfront.net/product-image/file/large_5c7c2800-5187-4fd0-b7dd-0132914689f0.jpg",
   "Image 2": "",
   "Product Link": "https://www.instacart.com/store/items/4561380?source1=aisle&source2=9536&source3=9536&impressionId=857ed106-a9a5-42a7-92c9-3bc07c5717be",
   "FIELD9": ""
 },
 {
   "category": "Personal Care",
   "subcategory": "Beauty",
   "name": "Dr. Bronner's Magic Soaps All in One Hemp Peppermint Soap\n",
   "price": "4.49",
   "description": "5 oz�",
   "image": "https://d2lnr5mha7bycj.cloudfront.net/product-image/file/large_62468bb9-f015-49c6-a9fe-8b7870dd2f50.jpg",
   "Image 2": "",
   "Product Link": "https://www.instacart.com/store/items/4485187?source1=aisle&source2=9536&source3=9536&impressionId=63602591-8804-490d-ac32-b221805f76c1",
   "FIELD9": ""
 },
 {
   "category": "Personal Care",
   "subcategory": "Beauty",
   "name": "365 Citrus Grapefruit Foaming Hand Soap\n",
   "price": "3.99",
   "description": "12 fl oz�",
   "image": "https://d2lnr5mha7bycj.cloudfront.net/product-image/file/large_1916c2e4-5fe7-401a-b867-382aa8617d95.jpg",
   "Image 2": "",
   "Product Link": "https://www.instacart.com/store/items/38019123?source1=aisle&source2=9536&source3=9536&impressionId=125b9b23-e9b0-4457-ae10-cae0c0ede880",
   "FIELD9": ""
 },
 {
   "category": "Personal Care",
   "subcategory": "Cold, Flu & Allergy",
   "name": "Boiron Coldcalm Cold Quick-Dissolving Tablets - 60 CT",
   "price": "10.99",
   "description": "60 ct�",
   "image": "https://d2lnr5mha7bycj.cloudfront.net/product-image/file/large_93d78c3c-e14d-4367-be80-0d553d30c7c7.jpg",
   "Image 2": "",
   "Product Link": "https://www.instacart.com/store/items/4462654?source1=aisle&source2=3647&source3=3647&impressionId=ce536967-6301-49ca-9e28-a33f031f19ed",
   "FIELD9": ""
 },
 {
   "category": "Personal Care",
   "subcategory": "Cold, Flu & Allergy",
   "name": "Boiron Oscillo Oscillococcinum Quick-Dissolving Pellets",
   "price": "11.99",
   "description": "6 ct�",
   "image": "https://d2lnr5mha7bycj.cloudfront.net/product-image/file/large_0b35f186-3489-4aa1-85cb-ed02c551ef3e.jpg",
   "Image 2": "",
   "Product Link": "https://www.instacart.com/store/items/4459943?source1=aisle&source2=3647&source3=3647&impressionId=457b4ef6-f99e-46a4-800d-16542ed8db62",
   "FIELD9": ""
 },
 {
   "category": "Personal Care",
   "subcategory": "Cold, Flu & Allergy",
   "name": "Boiron Cough & Chest Congestion Chestal Honey Cough Syrup",
   "price": "11.99",
   "description": "6.7 fl oz�",
   "image": "https://d2lnr5mha7bycj.cloudfront.net/product-image/file/large_ebef0220-8101-46f4-bae5-b23af741253c.jpg",
   "Image 2": "",
   "Product Link": "https://www.instacart.com/store/items/23824160?source1=aisle&source2=3647&source3=3647&impressionId=c5cec484-a1bc-4c86-ab95-6492f94ba8bd",
   "FIELD9": ""
 },
 {
   "category": "Personal Care",
   "subcategory": "Cold, Flu & Allergy",
   "name": "Ricola The Original Natural Herb Drops Cough Suppressant",
   "price": "1.69",
   "description": "21 ct�",
   "image": "https://d2lnr5mha7bycj.cloudfront.net/product-image/file/large_8cefd176-1573-4520-8378-c3361a056e32.JPG",
   "Image 2": "",
   "Product Link": "https://www.instacart.com/store/items/4462549?source1=aisle&source2=3647&source3=3647&impressionId=3c9b4b3c-347c-4496-bc33-7970f1000622",
   "FIELD9": ""
 },
 {
   "category": "Personal Care",
   "subcategory": "Cold, Flu & Allergy",
   "name": "Ricola Honey-Herb Drops Cough Suppressant",
   "price": "2.49",
   "description": "24 ct�",
   "image": "https://d2lnr5mha7bycj.cloudfront.net/product-image/file/large_621d04b3-c35f-4585-8e0d-d185a039608b.JPG",
   "Image 2": "",
   "Product Link": "https://www.instacart.com/store/items/4461860?source1=aisle&source2=3647&source3=3647&impressionId=b2ad925a-35b2-4cdc-8638-56928f652af5",
   "FIELD9": ""
 },
 {
   "category": "Personal Care",
   "subcategory": "Cold, Flu & Allergy",
   "name": "Ricola Lemon Mint Herb Throat Drops",
   "price": "1.69",
   "description": "24 ct�",
   "image": "https://d2lnr5mha7bycj.cloudfront.net/product-image/file/large_a3bd4527-3003-451e-82c1-0ad3a413801e.JPG",
   "Image 2": "",
   "Product Link": "https://www.instacart.com/store/items/4462290?source1=aisle&source2=3647&source3=3647&impressionId=a0d49720-1487-4fc4-ab24-cc59325bfcc2",
   "FIELD9": ""
 },
 {
   "category": "Personal Care",
   "subcategory": "Cold, Flu & Allergy",
   "name": "Nature's Way ColdCare, Soothing Hot Drink, Lemon Flavor\n",
   "price": "10.49",
   "description": "10 ct�",
   "image": "https://d2lnr5mha7bycj.cloudfront.net/product-image/file/large_f4d98617-8496-4af7-b393-e17216a6ef84.jpg",
   "Image 2": "",
   "Product Link": "https://www.instacart.com/store/items/4570198?source1=aisle&source2=3647&source3=3647&impressionId=223a3ad7-3424-4882-ad60-6e9603298421",
   "FIELD9": ""
 },
 {
   "category": "Personal Care",
   "subcategory": "Cold, Flu & Allergy",
   "name": "Ricola Dual Action Drops Honey-Lemon Cough Suppressant/Oral Anesthetic\n",
   "price": "2.99",
   "description": "19 ct�",
   "image": "https://d2lnr5mha7bycj.cloudfront.net/product-image/file/large_e9f0e262-bc33-4dd2-9e3d-3f3f98c9c6f2.JPG",
   "Image 2": "",
   "Product Link": "https://d2lnr5mha7bycj.cloudfront.net/product-image/file/large_e9f0e262-bc33-4dd2-9e3d-3f3f98c9c6f2.JPG",
   "FIELD9": ""
 },
 {
   "category": "Personal Care",
   "subcategory": "Cold, Flu & Allergy",
   "name": "Ricola The Original Natural Herb Drops Cough Suppressant\n",
   "price": "4.99",
   "description": "50 ct�",
   "image": "https://d2lnr5mha7bycj.cloudfront.net/product-image/file/large_dca35bb7-096f-4333-8fc4-9eb68a95b19a.JPG",
   "Image 2": "",
   "Product Link": "https://www.instacart.com/store/items/4461690?source1=aisle&source2=3647&source3=3647&impressionId=b403ae9d-707d-4860-8195-7e1e8b785f37",
   "FIELD9": ""
 },
 {
   "category": "Personal Care",
   "subcategory": "Cold, Flu & Allergy",
   "name": "365 Everyday Value: Effervescent Vitamin C orange flavored fizzy drink mix\n",
   "price": "7.99",
   "description": "30 x 0.3 oz��",
   "image": "https://d2lnr5mha7bycj.cloudfront.net/product-image/file/large_c59c4795-892f-4fbb-93fd-443d48f1236e.jpg",
   "Image 2": "",
   "Product Link": "https://www.instacart.com/store/items/4515440?source1=aisle&source2=3647&source3=3647&impressionId=dc35f52f-227a-4841-9029-13daf6f19dac",
   "FIELD9": ""
 },
 {
   "category": "Personal Care",
   "subcategory": "Cold, Flu & Allergy",
   "name": "Ricola Cough Suppressant Honey Lemon with Echinacea Throat Drops\n",
   "price": "2.49",
   "description": "19 ct�",
   "image": "https://d2lnr5mha7bycj.cloudfront.net/product-image/file/large_a9a84ff7-3f96-4251-bffd-581c7675da5f.JPG",
   "Image 2": "",
   "Product Link": "https://www.instacart.com/store/items/25617423?source1=aisle&source2=3647&source3=3647&impressionId=d51ccf0b-cd8f-4560-aa4a-84a693fcb03a",
   "FIELD9": ""
 },
 {
   "category": "Personal Care",
   "subcategory": "Cold, Flu & Allergy",
   "name": "Ricola Dual Action Drops Swiss Cherry Cough Suppressant/Oral Anesthetic\n",
   "price": "2.99",
   "description": "19 ct�",
   "image": "https://d2lnr5mha7bycj.cloudfront.net/product-image/file/large_0926962e-b65b-4ec0-ae79-fbd583e10a4f.jpg",
   "Image 2": "",
   "Product Link": "https://www.instacart.com/store/items/4532999?source1=aisle&source2=3647&source3=3647&impressionId=9aed22bd-bc27-4d91-9669-5a0098a80116",
   "FIELD9": ""
 },
 {
   "category": "Personal Care",
   "subcategory": "Cold, Flu & Allergy",
   "name": "Xlear Nasal Spray With Xylitol\n",
   "price": "17.99",
   "description": "1.5 oz�",
   "image": "https://d2lnr5mha7bycj.cloudfront.net/product-image/file/large_8d035beb-a018-4019-9a27-0ddb73da3bf7.jpg",
   "Image 2": "",
   "Product Link": "https://www.instacart.com/store/items/4480596?source1=aisle&source2=3647&source3=3647&impressionId=97b0bd6e-db88-457c-b4d7-44b607d13ae6",
   "FIELD9": ""
 },
 {
   "category": "Personal Care",
   "subcategory": "Cold, Flu & Allergy",
   "name": "Chestal Cold & Cough Multi Symptom Cough Syrup\n",
   "price": "11.99",
   "description": "6.7 fl oz�",
   "image": "https://d2lnr5mha7bycj.cloudfront.net/product-image/file/large_ca28d62e-52b8-4e0d-8787-ba836c719bfb.jpg",
   "Image 2": "",
   "Product Link": "https://www.instacart.com/store/items/4501080?source1=aisle&source2=3647&source3=3647&impressionId=44343ece-1e98-4b20-8114-fd62e5dd78db",
   "FIELD9": ""
 },
 {
   "category": "Personal Care",
   "subcategory": "Cold, Flu & Allergy",
   "name": "Nature's Way Umcka Elderberry Intensive Cold + Flu Berry Flavor\n",
   "price": "17.99",
   "description": "4 oz \n",
   "image": "https://d2lnr5mha7bycj.cloudfront.net/product-image/file/large_12cdcb65-783f-486c-897f-5de9247ff8c4.jpg",
   "Image 2": "",
   "Product Link": "https://www.instacart.com/store/items/4507126?source1=aisle&source2=3647&source3=3647&impressionId=65bf932b-a700-481b-83ac-9c5190acba43",
   "FIELD9": ""
 },
 {
   "category": "Personal Care",
   "subcategory": "Cold, Flu & Allergy",
   "name": "Ricola Extra Strength Glacier Mint Drops Cough Suppressant\n",
   "price": "2.99",
   "description": "19 ct�",
   "image": "https://d2lnr5mha7bycj.cloudfront.net/product-image/file/large_7360427a-4be7-4b44-bb61-b1bef7138147.jpg",
   "Image 2": "",
   "Product Link": "https://www.instacart.com/store/items/4500855?source1=aisle&source2=3647&source3=3647&impressionId=34127a7e-70be-44a9-9f20-c0ee50094918",
   "FIELD9": ""
 },
 {
   "category": "Personal Care",
   "subcategory": "Cold, Flu & Allergy",
   "name": "Nature's Way Umcka Cold+Flu Chewable Tablets Berry Flavor - 20 CT\n",
   "price": "16.49",
   "description": "20.0 ct�",
   "image": "https://d2lnr5mha7bycj.cloudfront.net/product-image/file/large_00bcdf9f-73f1-401a-9877-3321d56ed8de.jpg",
   "Image 2": "",
   "Product Link": "https://www.instacart.com/store/items/4571202?source1=aisle&source2=3647&source3=3647&impressionId=f1a1c97d-796e-47b8-b0c9-a1f41017a311",
   "FIELD9": ""
 },
 {
   "category": "Personal Care",
   "subcategory": "Cold, Flu & Allergy",
   "name": "Olbas Inhaler\n",
   "price": "5.99",
   "description": "1 ea�",
   "image": "https://d2lnr5mha7bycj.cloudfront.net/product-image/file/large_e4d395b0-c482-40dd-a182-86758805914c.jpg",
   "Image 2": "",
   "Product Link": "https://www.instacart.com/store/items/4462787?source1=aisle&source2=3647&source3=3647&impressionId=8540da5f-a4b1-4ad0-b4df-a810fbc23634",
   "FIELD9": ""
 },
 {
   "category": "Personal Care",
   "subcategory": "Cold, Flu & Allergy",
   "name": "Boiron Sabadil Allergy Homeopathic Medicine Tablets - 60 CT\n",
   "price": "10.99",
   "description": "60.0 ct�",
   "image": "https://d2lnr5mha7bycj.cloudfront.net/product-image/file/large_5570052c-d3f7-44b9-a553-61952cb6b27f.jpg",
   "Image 2": "",
   "Product Link": "https://www.instacart.com/store/items/4462101?source1=aisle&source2=3647&source3=3647&impressionId=d1bd6894-379a-4e69-9554-c2ce7601561f",
   "FIELD9": ""
 },
 {
   "category": "Personal Care",
   "subcategory": "Cold, Flu & Allergy",
   "name": "Ricola Mountain Herb Cough Drops\n",
   "price": "2.49",
   "description": "19 ct \n",
   "image": "https://d2lnr5mha7bycj.cloudfront.net/product-image/file/large_c9ef8939-93ac-4903-99b5-ffbdfc833f6b.jpg",
   "Image 2": "",
   "Product Link": "https://www.instacart.com/store/items/31906380?source1=aisle&source2=3647&source3=3647&impressionId=fac627a3-1741-48b0-9a3f-c70f9adeb4ca",
   "FIELD9": ""
 },
 {
   "category": "Personal Care",
   "subcategory": "Stress & Sleep Aids",
   "name": "Boiron Quietude Sleep Aid Homeopathic Medicine Quick-Dissolving Tablets - 60 CT",
   "price": "10.99",
   "description": "60.0 ct�",
   "image": "https://d2lnr5mha7bycj.cloudfront.net/product-image/file/large_657a2f0c-c087-411b-835d-452b899a836d.jpg",
   "Image 2": "",
   "Product Link": "https://www.instacart.com/store/items/4498211?source1=aisle&source2=3648&source3=3648&impressionId=0972d7de-cc70-4c75-b59d-76e5e0af5394",
   "FIELD9": ""
 },
 {
   "category": "Personal Care",
   "subcategory": "Stress & Sleep Aids",
   "name": "Natural Vitality Natural Calm Anti-Stress Drink",
   "price": "0.99",
   "description": "0.12 oz�",
   "image": "https://d2lnr5mha7bycj.cloudfront.net/product-image/file/large_d3edcd07-3805-4f9d-90e7-572a3dfded45.jpg",
   "Image 2": "",
   "Product Link": "https://www.instacart.com/store/items/4460198?source1=aisle&source2=3648&source3=3648&impressionId=21e0e392-dd0a-4078-aec7-1f1f20b8b0db",
   "FIELD9": ""
 },
 {
   "category": "Personal Care",
   "subcategory": "Stress & Sleep Aids",
   "name": "Olbas Inhaler",
   "price": "5.99",
   "description": "1 ea�",
   "image": "https://d2lnr5mha7bycj.cloudfront.net/product-image/file/large_e4d395b0-c482-40dd-a182-86758805914c.jpg",
   "Image 2": "",
   "Product Link": "https://www.instacart.com/store/items/4462787?source1=aisle&source2=3648&source3=3648&impressionId=78292410-c0fc-4204-bb26-107d144aac63",
   "FIELD9": ""
 },
 {
   "category": "Personal Care",
   "subcategory": "Stress & Sleep Aids",
   "name": "Source Naturals Melatonin 1 Mg Peppermint Sublingual Tablets",
   "price": "8.49",
   "description": "100 ct�",
   "image": "https://d2lnr5mha7bycj.cloudfront.net/product-image/file/large_40d6df26-579c-4424-a59f-3c71c498337b.jpg",
   "Image 2": "",
   "Product Link": "https://www.instacart.com/store/items/4474023?source1=aisle&source2=3648&source3=3648&impressionId=726ffa5a-c6bc-4be7-89fa-5a5bdc2c9cd6",
   "FIELD9": ""
 },
 {
   "category": "Personal Care",
   "subcategory": "Stress & Sleep Aids",
   "name": "365 Liquid Melatonin",
   "price": "5.99",
   "description": "2 fl oz�",
   "image": "https://d2lnr5mha7bycj.cloudfront.net/product-image/file/large_13fe0b04-f491-4e33-88ed-6d5fe3659977.jpg",
   "Image 2": "",
   "Product Link": "https://www.instacart.com/store/items/48971063?source1=aisle&source2=3648&source3=3648&impressionId=caa0f5de-2ef2-47df-9e39-5cb7da81729a",
   "FIELD9": ""
 },
 {
   "category": "Personal Care",
   "subcategory": "Stress & Sleep Aids",
   "name": "Bach Rescue Remedy Natural Stress Relief Dropper",
   "price": "14.99",
   "description": "0.35 fl oz�",
   "image": "https://d2lnr5mha7bycj.cloudfront.net/product-image/file/large_16788de2-ec8f-4f92-9d10-de220fb1d9d1.jpg",
   "Image 2": "",
   "Product Link": "https://www.instacart.com/store/items/4571178?source1=aisle&source2=3648&source3=3648&impressionId=0aa5985f-8dd1-41b5-81a8-b2c3ea73f0cb",
   "FIELD9": ""
 },
 {
   "category": "Personal Care",
   "subcategory": "Stress & Sleep Aids",
   "name": "Jarrow Formulas 5 Htp 100 Mg Vegetarian Capsules\n",
   "price": "19.99",
   "description": "60 ct�",
   "image": "https://d2lnr5mha7bycj.cloudfront.net/product-image/file/large_a15bdc7c-7915-4ea3-b5d1-2c3433b03fd0.jpg",
   "Image 2": "",
   "Product Link": "https://www.instacart.com/store/items/4564983?source1=aisle&source2=3648&source3=3648&impressionId=434b0711-c25c-4b66-965c-d5a77051fab5",
   "FIELD9": ""
 },
 {
   "category": "Personal Care",
   "subcategory": "Stress & Sleep Aids",
   "name": "Valentina's Home Brewed Psychic Detox Magickal Mineral Bath Salts\n",
   "price": "3.49",
   "description": "2.5 oz \n",
   "image": "https://d2lnr5mha7bycj.cloudfront.net/product-image/file/large_39161ea9-840f-4523-9a56-ca545cc160ab.jpg",
   "Image 2": "",
   "Product Link": "https://www.instacart.com/store/items/32427814?source1=aisle&source2=3648&source3=3648&impressionId=ec477a09-0d49-42ce-91e8-366c97deb9dd",
   "FIELD9": ""
 },
 {
   "category": "Personal Care",
   "subcategory": "Stress & Sleep Aids",
   "name": "Whole Foods Market Restful Sleep",
   "price": "8.99",
   "description": "30 ct�",
   "image": "https://d2lnr5mha7bycj.cloudfront.net/product-image/file/large_16a4bd34-2043-4c86-a834-210d1d37161c.jpg",
   "Image 2": "",
   "Product Link": "https://www.instacart.com/store/items/4460972?source1=aisle&source2=3648&source3=3648&impressionId=108ddb26-e250-4e50-90e0-6a5a706c0cc3",
   "FIELD9": ""
 },
 {
   "category": "Personal Care",
   "subcategory": "Stress & Sleep Aids",
   "name": "Source Naturals Melatonin 2.5 Mg Peppermint Flavored Sublingual Tablets",
   "price": "8.49",
   "description": "60 ct�",
   "image": "https://d2lnr5mha7bycj.cloudfront.net/product-image/file/large_5716b1de-c197-4160-ba91-2611e6eaa164.jpg",
   "Image 2": "",
   "Product Link": "https://www.instacart.com/store/items/4480327?source1=aisle&source2=3648&source3=3648&impressionId=6e2e237a-a1f9-44f6-8f15-6facfd83e070",
   "FIELD9": ""
 },
 {
   "category": "Personal Care",
   "subcategory": "Stress & Sleep Aids",
   "name": "Source Naturals Melatonin 2.5 Mg Sublingual Peppermint Tablets",
   "price": "15.99",
   "description": "120 ct�",
   "image": "https://d2lnr5mha7bycj.cloudfront.net/product-image/file/large_84654a3c-0a1b-489d-b783-8d34f5801704.jpg",
   "Image 2": "",
   "Product Link": "https://www.instacart.com/store/items/4480198?source1=aisle&source2=3648&source3=3648&impressionId=d0b4d3cd-69ab-4d84-8ab1-af47c3067cee",
   "FIELD9": ""
 },
 {
   "category": "Personal Care",
   "subcategory": "Stress & Sleep Aids",
   "name": "Source Naturals Melatonin 3 mg Tablets",
   "price": "15.59",
   "description": "120 ct�",
   "image": "https://d2lnr5mha7bycj.cloudfront.net/product-image/file/large_e46f7890-433b-43f0-944f-6d4d4b3a173c.jpg",
   "Image 2": "",
   "Product Link": "https://www.instacart.com/store/items/4566001?source1=aisle&source2=3648&source3=3648&impressionId=c169e985-9390-4efb-a53e-93b42a6b7050",
   "FIELD9": ""
 },
 {
   "category": "Personal Care",
   "subcategory": "Stress & Sleep Aids",
   "name": "Bach Rescue Remedy Natural Stress Relief Fast-Acting Spray",
   "price": "15.99",
   "description": "0.245 fl oz�",
   "image": "https://d2lnr5mha7bycj.cloudfront.net/product-image/file/large_e6fda921-9b73-4dec-ba35-87977a84aff9.jpg",
   "Image 2": "",
   "Product Link": "https://www.instacart.com/store/items/4570960?source1=aisle&source2=3648&source3=3648&impressionId=de45e982-3a5a-4d36-b1e4-872e03856152",
   "FIELD9": ""
 },
 {
   "category": "Personal Care",
   "subcategory": "Stress & Sleep Aids",
   "name": "Natural Factors Stress Relax Pharma Gaba Chewable Tablets",
   "price": "29.99",
   "description": "60 ct�",
   "image": "https://d2lnr5mha7bycj.cloudfront.net/product-image/file/large_13cb175c-ca79-4de2-a363-e5f3a01230ca.jpg",
   "Image 2": "",
   "Product Link": "https://www.instacart.com/store/items/4513052?source1=aisle&source2=3648&source3=3648&impressionId=04e24e87-c22b-4767-b097-303dde72c94c",
   "FIELD9": ""
 },
 {
   "category": "Personal Care",
   "subcategory": "Stress & Sleep Aids",
   "name": "Herb Pharm Relaxing Sleep",
   "price": "13.99",
   "description": "1 fl oz�",
   "image": "https://d2lnr5mha7bycj.cloudfront.net/product-image/file/large_b2bc2fa0-f7d4-472e-8280-d463557cd1a3.jpg",
   "Image 2": "",
   "Product Link": "https://www.instacart.com/store/items/4471627?source1=aisle&source2=3648&source3=3648&impressionId=6c21bfd3-4896-4c77-9252-abf5a68678c2",
   "FIELD9": ""
 },
 {
   "category": "Personal Care",
   "subcategory": "Stress & Sleep Aids",
   "name": "Source Naturals Natural Orange Flavor Liquid Sublingual Melatonin",
   "price": "10.99",
   "description": "2 fl oz�",
   "image": "https://d2lnr5mha7bycj.cloudfront.net/product-image/file/large_f939130c-f976-4b4e-8be2-d99f26e268f7.jpg",
   "Image 2": "",
   "Product Link": "https://www.instacart.com/store/items/65003663?source1=aisle&source2=3648&source3=3648&impressionId=9eba134a-88e0-4c89-baa9-279d2a3d9108",
   "FIELD9": ""
 },
 {
   "category": "Personal Care",
   "subcategory": "Stress & Sleep Aids",
   "name": "Natural Vitality Magnesium Supplement, Raspberry-Lemon Flavor",
   "price": "38.99",
   "description": "16.00 oz�",
   "image": "https://d2lnr5mha7bycj.cloudfront.net/product-image/file/large_d3e4e5de-d2a5-460c-8bdc-07cd2aed0606.jpg",
   "Image 2": "",
   "Product Link": "https://www.instacart.com/store/items/4566991?source1=aisle&source2=3648&source3=3648&impressionId=ac0b988e-7ad9-4c65-a84d-d3cea61daf72",
   "FIELD9": ""
 },
 {
   "category": "Personal Care",
   "subcategory": "Stress & Sleep Aids",
   "name": "Now Melatonin 3mg Helps Regulate Sleep Cycle Capsule",
   "price": "11.99",
   "description": "180 ct�",
   "image": "https://d2lnr5mha7bycj.cloudfront.net/product-image/file/large_c251590d-12fb-4fd2-ab68-eff5cee4e718.jpg",
   "Image 2": "",
   "Product Link": "https://www.instacart.com/store/items/4571669?source1=aisle&source2=3648&source3=3648&impressionId=9153eb7f-32f6-4203-b535-8ce1d21b2a7a",
   "FIELD9": ""
 },
 {
   "category": "Personal Care",
   "subcategory": "Stress & Sleep Aids",
   "name": "Gaia Herbs Rhodiola Rosea Vegetarian Liquid Phyto-Caps",
   "price": "26.99",
   "description": "60 ct�",
   "image": "https://d2lnr5mha7bycj.cloudfront.net/product-image/file/large_aadb3462-935f-4b57-8f65-207f737f8e78.jpg",
   "Image 2": "",
   "Product Link": "https://www.instacart.com/store/items/4556839?source1=aisle&source2=3648&source3=3648&impressionId=04ca32a0-fe66-4836-ae5b-8d91c44fce9d",
   "FIELD9": ""
 },
 {
   "category": "Personal Care",
   "subcategory": "Stress & Sleep Aids",
   "name": "MRM Melatonin, 3 mg, Vegetarian Capsules",
   "price": "5.99",
   "description": "`60.00 ea ",
   "image": "https://d2lnr5mha7bycj.cloudfront.net/product-image/file/large_163fd96c-1dac-4560-85d7-da1bc888de7e.jpg",
   "Image 2": "",
   "Product Link": "https://www.instacart.com/store/items/4585971?source1=aisle&source2=3648&source3=3648&impressionId=ee827985-14e5-4c54-8591-b9d555832ca9",
   "FIELD9": ""
 },
 {
   "category": "Personal Care",
   "subcategory": "Air Fresheners & Candles",
   "name": "365 Eucalyptus Essential Oil",
   "price": "6.99",
   "description": "2 fl oz�",
   "image": "https://d2lnr5mha7bycj.cloudfront.net/product-image/file/large_b0ddd954-9fbd-4782-94ea-7b437332a7e2.jpg",
   "Image 2": "",
   "Product Link": "https://www.instacart.com/store/items/4568931?source1=aisle&source2=1330&source3=1330&impressionId=f8fdf577-da2a-489a-9821-4f6170fb83de",
   "FIELD9": ""
 },
 {
   "category": "Personal Care",
   "subcategory": "Air Fresheners & Candles",
   "name": "Aura Cacia Lavender Harvest Aromatherapy Mist",
   "price": "7.99",
   "description": "4.0 fl oz�",
   "image": "https://d2lnr5mha7bycj.cloudfront.net/product-image/file/large_45586fb0-04ad-4b5d-89ad-f96c03d19376.jpg",
   "Image 2": "",
   "Product Link": "https://www.instacart.com/store/items/4483988?source1=aisle&source2=1330&source3=1330&impressionId=16e90bab-9c0c-44e0-ab17-95d71f337ef6",
   "FIELD9": ""
 },
 {
   "category": "Personal Care",
   "subcategory": "Air Fresheners & Candles",
   "name": "Now Essentials Oils 100% Pure Lavender Oil",
   "price": "11.99",
   "description": "1 fl oz�",
   "image": "https://d2lnr5mha7bycj.cloudfront.net/product-image/file/large_2b09f718-deef-431d-8c35-9a75b8601112.jpg",
   "Image 2": "",
   "Product Link": "https://www.instacart.com/store/items/4498730?source1=aisle&source2=1330&source3=1330&impressionId=3131cceb-a79b-4f7c-8311-1cc1b9bc6d6d",
   "FIELD9": ""
 },
 {
   "category": "Personal Care",
   "subcategory": "Air Fresheners & Candles",
   "name": "365 Essential Oil 100% Pure Peppermint",
   "price": "12.99",
   "description": "2 fl oz�",
   "image": "https://d2lnr5mha7bycj.cloudfront.net/product-image/file/large_406e18da-c67f-44e2-816c-bac2899fe6a5.jpg",
   "Image 2": "",
   "Product Link": "https://www.instacart.com/store/items/4569044?source1=aisle&source2=1330&source3=1330&impressionId=e7072477-744e-422f-b065-4b521a03d474",
   "FIELD9": ""
 },
 {
   "category": "Personal Care",
   "subcategory": "Air Fresheners & Candles",
   "name": "GoodLight Birthday Candles",
   "price": "3.49",
   "description": "12 ct�",
   "image": "https://d2lnr5mha7bycj.cloudfront.net/product-image/file/large_9163d561-b2ca-463c-a2ed-a1240f9eccc3.jpg",
   "Image 2": "",
   "Product Link": "https://www.instacart.com/store/items/4523195?source1=aisle&source2=1330&source3=1330&impressionId=c284287e-1e61-4d2a-b9ba-0332087ee5c6",
   "FIELD9": ""
 },
 {
   "category": "Personal Care",
   "subcategory": "Air Fresheners & Candles",
   "name": "Aura Cacia Eucalyptus (Globulus) Essential Oil\n",
   "price": "5.99",
   "description": ".5 fl oz�",
   "image": "https://d2lnr5mha7bycj.cloudfront.net/product-image/file/large_bf4ecaf5-0a43-4a0e-8eab-92f351be69c3.jpg",
   "Image 2": "",
   "Product Link": "https://www.instacart.com/store/items/4548116?source1=aisle&source2=1330&source3=1330&impressionId=5b880d33-3c28-405f-b7b8-a00158bc4ca2",
   "FIELD9": ""
 },
 {
   "category": "Personal Care",
   "subcategory": "Air Fresheners & Candles",
   "name": "365 Tea Tree Essential Oil",
   "price": "12.99",
   "description": "2 fl oz�",
   "image": "https://d2lnr5mha7bycj.cloudfront.net/product-image/file/large_3f4b4f5a-b39b-4a93-8fdf-c1fa7a45809a.jpg",
   "Image 2": "",
   "Product Link": "https://www.instacart.com/store/items/4568874?source1=aisle&source2=1330&source3=1330&impressionId=b8464f6e-d120-473f-911a-2f834e8fd6f2",
   "FIELD9": ""
 },
 {
   "category": "Personal Care",
   "subcategory": "Air Fresheners & Candles",
   "name": "Brand 365 Essential Oil Lavender",
   "price": "24.99",
   "description": "2 oz�",
   "image": "https://d2lnr5mha7bycj.cloudfront.net/product-image/file/large_f5df0ce8-9a01-4eee-856f-db0674d9b70a.jpg",
   "Image 2": "",
   "Product Link": "https://www.instacart.com/store/items/4569139?source1=aisle&source2=1330&source3=1330&impressionId=ba9b2ea4-bd4a-4a3d-a74d-b38226cea16e",
   "FIELD9": ""
 },
 {
   "category": "Personal Care",
   "subcategory": "Air Fresheners & Candles",
   "name": "Aura Cacia Essential Oil, 100% Pure, Lavender\n",
   "price": "12.49",
   "description": "0.5 oz�",
   "image": "https://d2lnr5mha7bycj.cloudfront.net/product-image/file/large_38729fdc-6fe3-4c4b-99aa-1e60ca1f2f71.jpg",
   "Image 2": "",
   "Product Link": "https://www.instacart.com/store/items/27311212?source1=aisle&source2=1330&source3=1330&impressionId=b87dfbe9-5518-487c-8d91-725c8d5c130f",
   "FIELD9": ""
 },
 {
   "category": "Personal Care",
   "subcategory": "Air Fresheners & Candles",
   "name": "Now 100% Pure Peppermint Oil\n",
   "price": "9.99",
   "description": "1 fl oz�",
   "image": "https://d2lnr5mha7bycj.cloudfront.net/product-image/file/large_551a5eb2-729b-4ef1-8784-503e7c5d975f.jpg",
   "Image 2": "",
   "Product Link": "https://www.instacart.com/store/items/4569005?source1=aisle&source2=1330&source3=1330&impressionId=108b7460-f4fe-432f-8e1c-b0fe47de9da0",
   "FIELD9": ""
 },
 {
   "category": "Personal Care",
   "subcategory": "Air Fresheners & Candles",
   "name": "Citrus Magic Pure Linen Solid Air Freshener\n",
   "price": "5.99",
   "description": "8 oz�",
   "image": "https://d2lnr5mha7bycj.cloudfront.net/product-image/file/large_e86815e0-d5a5-4932-983e-e307767de909.jpg",
   "Image 2": "",
   "Product Link": "https://www.instacart.com/store/items/4534133?source1=aisle&source2=1330&source3=1330&impressionId=7e28a303-a26c-40d9-90e6-50460efb2240",
   "FIELD9": ""
 },
 {
   "category": "Personal Care",
   "subcategory": "Air Fresheners & Candles",
   "name": "Aura Cacia Peppermint Essential Oil",
   "price": "8.99",
   "description": "0.5 fl oz�",
   "image": "https://d2lnr5mha7bycj.cloudfront.net/product-image/file/large_9bca2e2e-7706-49e2-85ec-f91fda159910.jpg",
   "Image 2": "",
   "Product Link": "https://www.instacart.com/store/items/4546939?source1=aisle&source2=1330&source3=1330&impressionId=798424b6-b403-417d-a382-da4314f9f371",
   "FIELD9": ""
 },
 {
   "category": "Personal Care",
   "subcategory": "Air Fresheners & Candles",
   "name": "Aura Cacia Lemon Essential Oil\n",
   "price": "5.99",
   "description": "5.99",
   "image": "https://d2lnr5mha7bycj.cloudfront.net/product-image/file/large_b7c810ba-63cf-48f7-ba18-f200be233541.jpg",
   "Image 2": "",
   "Product Link": "https://www.instacart.com/store/items/4547568?source1=aisle&source2=1330&source3=1330&impressionId=b597520d-e75b-4484-8e86-26820313ef0b",
   "FIELD9": ""
 },
 {
   "category": "Personal Care",
   "subcategory": "Air Fresheners & Candles",
   "name": "Aura Cacia Tea Tree Essential Oil\n",
   "price": "8.99",
   "description": ".5 fl oz�",
   "image": "https://d2lnr5mha7bycj.cloudfront.net/product-image/file/large_4307f430-044e-4540-bbe6-e31c9095f9a0.jpg",
   "Image 2": "",
   "Product Link": "https://www.instacart.com/store/items/4483207?source1=aisle&source2=1330&source3=1330&impressionId=2596c3f5-4ddb-42a9-a565-3178626c0b34",
   "FIELD9": ""
 },
 {
   "category": "Personal Care",
   "subcategory": "Air Fresheners & Candles",
   "name": "Aura Cacia Rosemary Essential Oil",
   "price": "6.49",
   "description": "0.5 fl oz�",
   "image": "https://d2lnr5mha7bycj.cloudfront.net/product-image/file/large_648a501f-447b-4bb1-9dd2-b7388bebd311.jpg",
   "Image 2": "",
   "Product Link": "https://www.instacart.com/store/items/4546697?source1=aisle&source2=1330&source3=1330&impressionId=310ad3b1-1667-43d3-877c-7bd3c990a1c3",
   "FIELD9": ""
 },
 {
   "category": "Personal Care",
   "subcategory": "Air Fresheners & Candles",
   "name": "Citrus Magic Odor Eliminating Air Freshener Fresh Orange",
   "price": "7.99",
   "description": "3.5 fl oz�",
   "image": "https://d2lnr5mha7bycj.cloudfront.net/product-image/file/large_2bec38ed-ffad-40a1-ae07-33e68fe2d9c0.jpg",
   "Image 2": "",
   "Product Link": "https://www.instacart.com/store/items/4475635?source1=aisle&source2=1330&source3=1330&impressionId=7907ec75-f7e9-4345-befb-be7f528f65d7",
   "FIELD9": ""
 },
 {
   "category": "Personal Care",
   "subcategory": "Air Fresheners & Candles",
   "name": "Now 100% Pure Essential Lemon Oil",
   "price": "7.49",
   "description": "1 fl oz�",
   "image": "https://d2lnr5mha7bycj.cloudfront.net/product-image/file/large_930319c0-7d84-410a-8678-c2bfdb58c1d6.jpg",
   "Image 2": "",
   "Product Link": "https://www.instacart.com/store/items/4569372?source1=aisle&source2=1330&source3=1330&impressionId=99e924f8-bcf5-4dce-a391-61174b65f93d",
   "FIELD9": ""
 },
 {
   "category": "Personal Care",
   "subcategory": "Air Fresheners & Candles",
   "name": "Juniper Ridge Small White Sage Smudge Stick\n",
   "price": "11.99",
   "description": "2 ct�",
   "image": "https://d2lnr5mha7bycj.cloudfront.net/product-image/file/large_02c7410c-a4c2-4039-b752-63a029965501.jpg",
   "Image 2": "",
   "Product Link": "https://www.instacart.com/store/items/4551560?source1=aisle&source2=1330&source3=1330&impressionId=519748ca-232b-4cba-90f9-97753e73368c",
   "FIELD9": ""
 },
 {
   "category": "Personal Care",
   "subcategory": "Air Fresheners & Candles",
   "name": "Satya Sai Baba Nag Champa Agarbatti",
   "price": "6.99",
   "description": "40 g�",
   "image": "https://d2lnr5mha7bycj.cloudfront.net/product-image/file/large_0ea23754-b6e0-430a-896f-f529451acb68.jpg",
   "Image 2": "",
   "Product Link": "https://www.instacart.com/store/items/4482781?source1=aisle&source2=1330&source3=1330&impressionId=5543bc07-9a8c-43f1-ad25-b4fe5e508fdb",
   "FIELD9": ""
 },
 {
   "category": "Personal Care",
   "subcategory": "Air Fresheners & Candles",
   "name": "Aura Cacia Lavender Oil",
   "price": "14.99",
   "description": "0.25 fl oz�",
   "image": "https://d2lnr5mha7bycj.cloudfront.net/product-image/file/large_69835e82-f5a5-4f3e-a128-e48da521b9b0.jpg",
   "Image 2": "",
   "Product Link": "https://www.instacart.com/store/items/4483904?source1=aisle&source2=1330&source3=1330&impressionId=e7aba7c8-0de8-4e12-85d1-4d0c569b87ec",
   "FIELD9": ""
 },
 {
   "category": "Personal Care",
   "subcategory": "Vitamins & Supplements",
   "name": "Boiron Arnica Montana 30 C - 80 CT",
   "price": "6.99",
   "description": "80.0 ct�",
   "image": "https://d2lnr5mha7bycj.cloudfront.net/product-image/file/large_5c5b2a61-e5d9-458a-81c3-ae3662a46825.jpg",
   "Image 2": "",
   "Product Link": "https://www.instacart.com/store/items/4474594?source1=aisle&source2=1327&source3=1327&impressionId=d4dfc005-0ec4-4cf7-ad7c-c15a95952970",
   "FIELD9": ""
 },
 {
   "category": "Personal Care",
   "subcategory": "Vitamins & Supplements",
   "name": "Boiron Arnica Montana 6C Homeopathic Pellets",
   "price": "6.99",
   "description": "80 ct�",
   "image": "https://d2lnr5mha7bycj.cloudfront.net/product-image/file/large_700755b1-d750-4ea2-a77b-1d3d64b66020.jpg",
   "Image 2": "",
   "Product Link": "https://www.instacart.com/store/items/4474647?source1=aisle&source2=1327&source3=1327&impressionId=0273f36c-53df-4f75-af8c-6d79c0deba7f",
   "FIELD9": ""
 },
 {
   "category": "Personal Care",
   "subcategory": "Vitamins & Supplements",
   "name": "Boiron Oscillo Oscillococcinum Quick-Dissolving Pellets",
   "price": "19.99",
   "description": "12 ct�",
   "image": "https://d2lnr5mha7bycj.cloudfront.net/product-image/file/large_3a4749d7-e3bd-4d20-ae0b-3c0721758a0b.jpg",
   "Image 2": "",
   "Product Link": "https://www.instacart.com/store/items/4553307?source1=aisle&source2=1327&source3=1327&impressionId=71313fde-383b-4a6c-983c-0adc4a62d62b",
   "FIELD9": ""
 },
 {
   "category": "Personal Care",
   "subcategory": "Vitamins & Supplements",
   "name": "Spectrum Essentials Organic Flaxseed Ground",
   "price": "8.99",
   "description": "14 oz�",
   "image": "https://d2lnr5mha7bycj.cloudfront.net/product-image/file/large_b89ccce4-84ea-4f93-bb5c-01b5693dce96.jpg",
   "Image 2": "",
   "Product Link": "https://www.instacart.com/store/items/17809555?source1=aisle&source2=1327&source3=1327&impressionId=052a4d40-6e16-41f3-957e-cca769a930e2",
   "FIELD9": ""
 },
 {
   "category": "Personal Care",
   "subcategory": "Vitamins & Supplements",
   "name": "Emergen-C Super Orange Vitamin C 1000mg Drink Mix Dietary Supplement",
   "price": "9.99",
   "description": "9.6 oz�",
   "image": "https://d2lnr5mha7bycj.cloudfront.net/product-image/file/large_d889c772-4ae1-41cb-8f37-b0f5e4de74a3.jpg",
   "Image 2": "",
   "Product Link": "https://www.instacart.com/store/items/4556975?source1=aisle&source2=1327&source3=1327&impressionId=b80487b6-b874-4672-bed6-54205e32d239",
   "FIELD9": ""
 },
 {
   "category": "Personal Care",
   "subcategory": "Vitamins & Supplements",
   "name": "Spectrum Essentials Chia Seed",
   "price": "12.99",
   "description": "12.0 oz�",
   "image": "https://d2lnr5mha7bycj.cloudfront.net/product-image/file/large_5be7aae0-acf6-4a0d-9933-61360e5c08c2.jpg",
   "Image 2": "",
   "Product Link": "https://www.instacart.com/store/items/4560870?source1=aisle&source2=1327&source3=1327&impressionId=585f328d-69a4-4410-96d5-20f2a52f6616",
   "FIELD9": ""
 },
 {
   "category": "Personal Care",
   "subcategory": "Vitamins & Supplements",
   "name": "Kor shots Wellness Organic Ginger Cold-Pressed Juice Shot",
   "price": "3.49",
   "description": "1.7 oz�",
   "image": "https://d2lnr5mha7bycj.cloudfront.net/product-image/file/large_f971d0ca-6b44-4d64-adf1-b2d3756e62cb.jpg",
   "Image 2": "",
   "Product Link": "https://www.instacart.com/store/items/31984498?source1=aisle&source2=1327&source3=1327&impressionId=31c4dcd5-6dd5-4d73-8c5a-b1e7dc794aaa",
   "FIELD9": ""
 },
 {
   "category": "Personal Care",
   "subcategory": "Vitamins & Supplements",
   "name": "365 Kid's Gummy Multi-Vitamin Assorted Fruit Flavors",
   "price": "15.99",
   "description": "180 gummies�",
   "image": "https://d2lnr5mha7bycj.cloudfront.net/product-image/file/large_bc7ef3c5-6aba-4905-a9b1-189950ba52fc.jpg",
   "Image 2": "",
   "Product Link": "https://www.instacart.com/store/items/4567278?source1=aisle&source2=1327&source3=1327&impressionId=acdc6c03-7a49-4a62-9638-365ec7a27685",
   "FIELD9": ""
 },
 {
   "category": "Personal Care",
   "subcategory": "Vitamins & Supplements",
   "name": "365 Organic Finely Ground Flaxseed",
   "price": "6.99",
   "description": "14 oz�",
   "image": "https://d2lnr5mha7bycj.cloudfront.net/product-image/file/large_c4f9914f-a3fc-4e44-99a3-884b1c7381b1.jpg",
   "Image 2": "",
   "Product Link": "https://www.instacart.com/store/items/18939377?source1=aisle&source2=1327&source3=1327&impressionId=b6f3e025-29c5-4f39-9bd6-379e83ccbf72",
   "FIELD9": ""
 },
 {
   "category": "Personal Care",
   "subcategory": "Vitamins & Supplements",
   "name": "Garden of Life Raw Probiotics Women probiotic 85 Billion 32 Strains capsules",
   "price": "49.99",
   "description": "90 ct�",
   "image": "https://d2lnr5mha7bycj.cloudfront.net/product-image/file/large_bf964dae-ac01-498f-a808-40726ae0338c.jpg",
   "Image 2": "",
   "Product Link": "https://www.instacart.com/store/items/4564676?source1=aisle&source2=1327&source3=1327&impressionId=fde43f96-9f54-486a-9c14-e40f4d40f7db",
   "FIELD9": ""
 },
 {
   "category": "Personal Care",
   "subcategory": "Vitamins & Supplements",
   "name": "365 Kids Chewy Multivitamins\n",
   "price": "7.99",
   "description": "60 count�",
   "image": "https://d2lnr5mha7bycj.cloudfront.net/product-image/file/large_d7a4e435-c2ba-4449-bc04-dfec05b798c6.jpg",
   "Image 2": "",
   "Product Link": "https://www.instacart.com/store/items/4567379?source1=aisle&source2=1327&source3=1327&impressionId=da2eacf5-3795-4c63-bfa6-60df3202b71f",
   "FIELD9": ""
 },
 {
   "category": "Personal Care",
   "subcategory": "Vitamins & Supplements",
   "name": "Manitoba Harvest Hemp Hearts Raw Shelled Hemp Seeds Organic\n",
   "price": "20.99",
   "description": "12 oz�",
   "image": "https://d2lnr5mha7bycj.cloudfront.net/product-image/file/large_e5ea82b7-b6a1-4b0c-88d7-eed08b177adc.jpg",
   "Image 2": "",
   "Product Link": "https://www.instacart.com/store/items/4480914?source1=aisle&source2=1327&source3=1327&impressionId=817a9b2b-0bc0-4910-a12c-1771cd39debd",
   "FIELD9": ""
 },
 {
   "category": "Personal Care",
   "subcategory": "Vitamins & Supplements",
   "name": "365 Kids Calcium D Pectin Swirls Chews\n",
   "price": "6.99",
   "description": "60 ct�",
   "image": "https://d2lnr5mha7bycj.cloudfront.net/product-image/file/large_b768f04e-4483-49cd-b688-9afb7792cbf2.jpg",
   "Image 2": "",
   "Product Link": "https://www.instacart.com/store/items/4567519?source1=aisle&source2=1327&source3=1327&impressionId=8dd5eca2-4adf-41e4-82d9-a0790237c931",
   "FIELD9": ""
 },
 {
   "category": "Personal Care",
   "subcategory": "Vitamins & Supplements",
   "name": "365 Mct Oil Unflavored\n",
   "price": "15.99",
   "description": "16 fl oz�",
   "image": "https://d2lnr5mha7bycj.cloudfront.net/product-image/file/large_f4fbad15-9a28-4583-8a74-547ca344bd00.jpg",
   "Image 2": "",
   "Product Link": "https://www.instacart.com/store/items/40259970?source1=aisle&source2=1327&source3=1327&impressionId=6debca87-4ce7-4368-813f-2d826479fb2a",
   "FIELD9": ""
 },
 {
   "category": "Personal Care",
   "subcategory": "Vitamins & Supplements",
   "name": "Nature's Way Sambucus Organic Elderberry + Vitamin C Zinc Lozenges",
   "price": "4.99",
   "description": "24 ct�",
   "image": "https://d2lnr5mha7bycj.cloudfront.net/product-image/file/large_e9bcfb0f-62ae-442e-8d8f-f72bb396525c.jpg",
   "Image 2": "",
   "Product Link": "https://www.instacart.com/store/items/4493102?source1=aisle&source2=1327&source3=1327&impressionId=7ba9f0ce-50a6-4d51-833a-aa9178311c1e",
   "FIELD9": ""
 },
 {
   "category": "Personal Care",
   "subcategory": "Vitamins & Supplements",
   "name": "Kor Wellness Vitality Shot\n",
   "price": "3.49",
   "description": "2 fl oz�",
   "image": "https://d2lnr5mha7bycj.cloudfront.net/product-image/file/large_0ca3a64f-0d4b-4db6-90c1-48474b0d3df5.jpg",
   "Image 2": "",
   "Product Link": "https://www.instacart.com/store/items/31999468?source1=aisle&source2=1327&source3=1327&impressionId=50065efb-8cad-4c69-9de9-f825077b6264",
   "FIELD9": ""
 },
 {
   "category": "Personal Care",
   "subcategory": "Vitamins & Supplements",
   "name": "365 Organic Unfiltered High Lignan Flax Oil",
   "price": "8.99",
   "description": "8 fl oz�",
   "image": "https://d2lnr5mha7bycj.cloudfront.net/product-image/file/large_84b4ba00-01b0-41a6-a3a8-22f6c440d286.jpg",
   "Image 2": "",
   "Product Link": "https://www.instacart.com/store/items/4567490?source1=aisle&source2=1327&source3=1327&impressionId=f26c4efa-630e-4279-800b-f4fbd748f2d9",
   "FIELD9": ""
 },
 {
   "category": "Personal Care",
   "subcategory": "Vitamins & Supplements",
   "name": "Navitas Naturals Maca Powder\n",
   "price": "8.99",
   "description": "4 oz�",
   "image": "https://d2lnr5mha7bycj.cloudfront.net/product-image/file/large_38c1d474-60c6-426f-84ed-d307c299577c.jpg",
   "Image 2": "",
   "Product Link": "https://www.instacart.com/store/items/56286380?source1=aisle&source2=1327&source3=1327&impressionId=9d73abd9-d8a2-42eb-8f2d-3760f19ccea0",
   "FIELD9": ""
 },
 {
   "category": "Personal Care",
   "subcategory": "Vitamins & Supplements",
   "name": "Emergen-C Tangerine Vitamin C 1000mg Drink Mix Dietary Supplement\n",
   "price": "13.57",
   "description": "30 ct�",
   "image": "https://d2lnr5mha7bycj.cloudfront.net/product-image/file/large_a3fcc154-4b70-456c-8c09-741169d11155.jpg",
   "Image 2": "",
   "Product Link": "https://www.instacart.com/store/items/4580361?source1=aisle&source2=1327&source3=1327&impressionId=c529146f-870e-4025-ac36-bbb453b7545b",
   "FIELD9": ""
 },
 {
   "category": "Personal Care",
   "subcategory": "Vitamins & Supplements",
   "name": "Hero Nutritional Yummi Bears Multi-Vitamin & Mineral Gummy Bears, Fruit Flavors",
   "price": "34.99",
   "description": "200 x 200 ct�",
   "image": "https://d2lnr5mha7bycj.cloudfront.net/product-image/file/large_67252cbd-a23d-4d99-aa98-6091482cff98.jpg",
   "Image 2": "",
   "Product Link": "https://www.instacart.com/store/items/4486417?source1=aisle&source2=1327&source3=1327&impressionId=c57fdec0-8a58-4156-ab47-2b106c787980",
   "FIELD9": ""
 },
 {
   "category": "Personal Care",
   "subcategory": "Digestion",
   "name": "Boiron Acidil Homeopathic Medicine Indigestion - 60 CT",
   "price": "10.99",
   "description": "60.0 ct�",
   "image": "https://d2lnr5mha7bycj.cloudfront.net/product-image/file/large_5bbed026-8740-444f-b7e6-cf7c40b69769.jpg",
   "Image 2": "",
   "Product Link": "https://www.instacart.com/store/items/4462561?source1=aisle&source2=1325&source3=1325&impressionId=80fe5bb3-4532-48f2-8bc0-ba940730363d",
   "FIELD9": ""
 },
 {
   "category": "Personal Care",
   "subcategory": "Digestion",
   "name": "GoodBelly Probiotics StraightShot OatDrink",
   "price": "3.29",
   "description": "2.7 fl oz�",
   "image": "https://d2lnr5mha7bycj.cloudfront.net/product-image/file/large_c6d03c9b-03a5-4c4f-aae2-910365b1be4e.jpg",
   "Image 2": "",
   "Product Link": "https://www.instacart.com/store/items/4571528?source1=aisle&source2=1325&source3=1325&impressionId=716a61cc-c1ab-4e41-8fe7-e2d7539d8c7a",
   "FIELD9": ""
 },
 {
   "category": "Personal Care",
   "subcategory": "Digestion",
   "name": "Garden of Life Raw Probiotics Women probiotic 85 Billion 32 Strains capsules",
   "price": "49.99",
   "description": "90 ct�",
   "image": "https://d2lnr5mha7bycj.cloudfront.net/product-image/file/large_bf964dae-ac01-498f-a808-40726ae0338c.jpg",
   "Image 2": "",
   "Product Link": "https://www.instacart.com/store/items/4564676?source1=aisle&source2=1325&source3=1325&impressionId=a50d3b30-5c72-4666-b6b7-d0cdb63dca9e",
   "FIELD9": ""
 },
 {
   "category": "Personal Care",
   "subcategory": "Digestion",
   "name": "Garden of Life Organic Kids Berry Cherry Flavor Probiotic Chews",
   "price": "22.99",
   "description": "30 ct�",
   "image": "https://d2lnr5mha7bycj.cloudfront.net/product-image/file/large_f73e007b-cc91-43f3-8387-9d6fe94b9b1e.jpg",
   "Image 2": "",
   "Product Link": "https://www.instacart.com/store/items/15475508?source1=aisle&source2=1325&source3=1325&impressionId=15e8cffd-6e6c-4cba-8c3e-25556cec237d",
   "FIELD9": ""
 },
 {
   "category": "Personal Care",
   "subcategory": "Digestion",
   "name": "Inner Eco Probiotic Green Coconut Water",
   "price": "20.99",
   "description": "15 fl oz�",
   "image": "https://d2lnr5mha7bycj.cloudfront.net/product-image/file/large_6f19aefb-dc73-4c2a-8fac-aebc94f62373.jpg",
   "Image 2": "",
   "Product Link": "https://www.instacart.com/store/items/4534577?source1=aisle&source2=1325&source3=1325&impressionId=8770a891-4cbf-4faa-ad64-be0b753f7cbb",
   "FIELD9": ""
 },
 {
   "category": "Personal Care",
   "subcategory": "Digestion",
   "name": "365 Everyday Value: Daily Probiotic With ACIDOPHILUS",
   "price": "9.99",
   "description": "100 vegetarian tablets�",
   "image": "https://d2lnr5mha7bycj.cloudfront.net/product-image/file/large_314b9e26-833b-4c43-9274-4a8904720c49.jpg",
   "Image 2": "",
   "Product Link": "https://www.instacart.com/store/items/4468684?source1=aisle&source2=1325&source3=1325&impressionId=9631c6c4-a037-492b-9ed0-01b3f7622976",
   "FIELD9": ""
 },
 {
   "category": "Personal Care",
   "subcategory": "Digestion",
   "name": "Bio K+ Blueberry Probiotic Rice Drink\n",
   "price": "5.99",
   "description": "3.5 fl oz�",
   "image": "https://d2lnr5mha7bycj.cloudfront.net/product-image/file/large_c9305e2c-62ba-4f57-8b5e-b92dc67f2da8.jpg",
   "Image 2": "",
   "Product Link": "https://www.instacart.com/store/items/4564866?source1=aisle&source2=1325&source3=1325&impressionId=d694d836-f8af-4d64-960c-00b20430d93c",
   "FIELD9": ""
 },
 {
   "category": "Personal Care",
   "subcategory": "Digestion",
   "name": "Bio-K Plus Bio-K+ 100% Probiotic Fermented Diary Strawberry",
   "price": "4.99",
   "description": "3.5 fl oz�",
   "image": "https://d2lnr5mha7bycj.cloudfront.net/product-image/file/large_ae7f6c68-e3eb-4ca7-b752-1ccda9b1f2c7.jpg",
   "Image 2": "",
   "Product Link": "https://www.instacart.com/store/items/4546989?source1=aisle&source2=1325&source3=1325&impressionId=97dffbda-f4a7-4bb7-93bd-4d47a1cc51a8",
   "FIELD9": ""
 },
 {
   "category": "Personal Care",
   "subcategory": "Digestion",
   "name": "Ultimate Flora Extra Care Probiotic 50 Billion",
   "price": "39.99",
   "description": "30.0 ct�",
   "image": "https://d2lnr5mha7bycj.cloudfront.net/product-image/file/large_69c7d7e0-e15f-46e3-bf83-bfdcc348b59b.png",
   "Image 2": "",
   "Product Link": "https://www.instacart.com/store/items/4485315?source1=aisle&source2=1325&source3=1325&impressionId=cba0333c-4c81-40ef-937b-872fb0d8a429",
   "FIELD9": ""
 },
 {
   "category": "Personal Care",
   "subcategory": "Digestion",
   "name": "Ultimate Flora Kids Probiotic 3 Billion",
   "price": "16.99",
   "description": "30.0 ct�",
   "image": "https://d2lnr5mha7bycj.cloudfront.net/product-image/file/large_bce502c6-b46e-4709-85ef-caa9530390bd.jpg",
   "Image 2": "",
   "Product Link": "https://www.instacart.com/store/items/4517047?source1=aisle&source2=1325&source3=1325&impressionId=f173ce98-3dcd-43c3-b252-dea4cc899c7f",
   "FIELD9": ""
 },
 {
   "category": "Personal Care",
   "subcategory": "Digestion",
   "name": "Flora Adult's Probiotic Vegetarian Capsules",
   "price": "22.99",
   "description": "60 ct�",
   "image": "https://d2lnr5mha7bycj.cloudfront.net/product-image/file/large_50247a2c-84e1-4cda-8163-a43adb6e45ec.jpg",
   "Image 2": "",
   "Product Link": "https://www.instacart.com/store/items/4566355?source1=aisle&source2=1325&source3=1325&impressionId=c02ba0dd-a53e-4eb5-a640-8275b3e51e26",
   "FIELD9": ""
 },
 {
   "category": "Personal Care",
   "subcategory": "Digestion",
   "name": "365 Organic Psyllium Husk Flakes",
   "price": "10.99",
   "description": "12 oz�",
   "image": "https://d2lnr5mha7bycj.cloudfront.net/product-image/file/large_f6b44231-45ff-48c0-a0db-c36280f7b370.jpg",
   "Image 2": "",
   "Product Link": "https://www.instacart.com/store/items/4565684?source1=aisle&source2=1325&source3=1325&impressionId=b2d77730-f4ae-4d4d-ab6b-5dab2317c607",
   "FIELD9": ""
 },
 {
   "category": "Personal Care",
   "subcategory": "Digestion",
   "name": "Flora Udo's Choice Super 8 Probiotic Capsules\n",
   "price": "23.99",
   "description": "30 ct�",
   "image": "https://d2lnr5mha7bycj.cloudfront.net/product-image/file/large_7d5b3403-8002-4a15-bc78-0fab69f2546b.jpg",
   "Image 2": "",
   "Product Link": "https://www.instacart.com/store/items/4469987?source1=aisle&source2=1325&source3=1325&impressionId=ffe3f629-51fa-42d8-8c75-d5751932d16b",
   "FIELD9": ""
 },
 {
   "category": "Personal Care",
   "subcategory": "Digestion",
   "name": "Traditional Medicinals Caffeine Free Laxative Tea Bags Smooth Move Chamomile - 16 CT\n",
   "price": "5.49",
   "description": "16 ct�",
   "image": "https://d2lnr5mha7bycj.cloudfront.net/product-image/file/large_bdef556a-df6a-4862-8730-6d1d9fca0d41.jpg",
   "Image 2": "",
   "Product Link": "https://www.instacart.com/store/items/4519968?source1=aisle&source2=1325&source3=1325&impressionId=8f00d1f6-2ad2-46af-9dc4-81411ba21eee",
   "FIELD9": ""
 },
 {
   "category": "Personal Care",
   "subcategory": "Digestion",
   "name": "365 Psyllium Husk Whole Flakes",
   "price": "9.99",
   "description": "12 oz�",
   "image": "https://d2lnr5mha7bycj.cloudfront.net/product-image/file/large_3b29409a-476a-4a4e-a68b-6acd9a26c921.jpg",
   "Image 2": "",
   "Product Link": "https://www.instacart.com/store/items/4469017?source1=aisle&source2=1325&source3=1325&impressionId=a16fcc2a-43c2-45e2-a781-41eb38038a41",
   "FIELD9": ""
 },
 {
   "category": "Personal Care",
   "subcategory": "Digestion",
   "name": "Inner Eco Fresh Coconut Water Probiotic Berry Flavor",
   "price": "20.99",
   "description": "15 fl oz�",
   "image": "https://d2lnr5mha7bycj.cloudfront.net/product-image/file/large_20384fa3-c6e4-4b34-8e1c-42bb12e762ed.jpg",
   "Image 2": "",
   "Product Link": "https://www.instacart.com/store/items/4534276?source1=aisle&source2=1325&source3=1325&impressionId=e1e07e06-a2e1-4632-9922-6ed59fce9c5d",
   "FIELD9": ""
 },
 {
   "category": "Personal Care",
   "subcategory": "Digestion",
   "name": "Bio K+ Original Probiotic Dairy Culture\n",
   "price": "29.99",
   "description": "6 x 3.5 fl oz�",
   "image": "https://d2lnr5mha7bycj.cloudfront.net/product-image/file/large_db2e0174-e6e9-425a-b047-91008e8bc540.jpg",
   "Image 2": "",
   "Product Link": "https://www.instacart.com/store/items/4486132?source1=aisle&source2=1325&source3=1325&impressionId=6552453f-2657-4afc-84c7-0e773c3fb578",
   "FIELD9": ""
 },
 {
   "category": "Personal Care",
   "subcategory": "Digestion",
   "name": "Garden of Life Raw Probiotics Vaginal Care 50 Billion 38 Strains",
   "price": "39.99",
   "description": "30 ct�",
   "image": "https://d2lnr5mha7bycj.cloudfront.net/product-image/file/large_41069541-c62a-4ee4-ba8d-d3b35b1ced90.jpg",
   "Image 2": "",
   "Product Link": "https://www.instacart.com/store/items/4576903?source1=aisle&source2=1325&source3=1325&impressionId=57fef5aa-5105-4156-91b3-de824118d607",
   "FIELD9": ""
 },
 {
   "category": "Personal Care",
   "subcategory": "Digestion",
   "name": "365 Daily Probiotic With Acidophilus",
   "price": "19.99",
   "description": "250 ct�",
   "image": "https://d2lnr5mha7bycj.cloudfront.net/product-image/file/large_bb35bdd4-32ab-476b-ab09-9c1306d52b9f.jpg",
   "Image 2": "",
   "Product Link": "https://www.instacart.com/store/items/4467180?source1=aisle&source2=1325&source3=1325&impressionId=0031dcb1-f15a-4125-b19d-5e4f089d6d42",
   "FIELD9": ""
 },
 {
   "category": "Personal Care",
   "subcategory": "Digestion",
   "name": "Garden of Life Doctor Formulated Probiotics Once Daily Women's 50 Billion Guaranteed Vegetarian Capsules",
   "price": "39.99",
   "description": "30 ct�",
   "image": "https://d2lnr5mha7bycj.cloudfront.net/product-image/file/large_65c7c5ba-a057-4a8a-be97-12c651a980dc.jpg",
   "Image 2": "",
   "Product Link": "https://www.instacart.com/store/items/16373253?source1=aisle&source2=1325&source3=1325&impressionId=22265a82-1aac-47f2-a345-c60e852ceb11",
   "FIELD9": ""
 },
 {
   "category": "Personal Care",
   "subcategory": "Hair Care",
   "name": "Acure Moroccan Argan Oil + Argan Stem Cell Triple Moisture Conditioner",
   "price": "9.99",
   "description": "8 oz�",
   "image": "https://d2lnr5mha7bycj.cloudfront.net/product-image/file/large_5c7c2800-5187-4fd0-b7dd-0132914689f0.jpg",
   "Image 2": "",
   "Product Link": "https://www.instacart.com/store/items/4561380?source1=aisle&source2=1337&source3=1337&impressionId=6d877040-1706-476b-984e-b4d79a961c67",
   "FIELD9": ""
 },
 {
   "category": "Personal Care",
   "subcategory": "Hair Care",
   "name": "Acure Hair Shampoos",
   "price": "9.99",
   "description": "8 fl oz�",
   "image": "https://d2lnr5mha7bycj.cloudfront.net/product-image/file/large_6515e048-c797-4358-b00f-cb8ec69d41af.jpg",
   "Image 2": "",
   "Product Link": "https://www.instacart.com/store/items/4562602?source1=aisle&source2=1337&source3=1337&impressionId=89b8add2-1b5f-41ce-b954-fc78cc819665",
   "FIELD9": ""
 },
 {
   "category": "Personal Care",
   "subcategory": "Hair Care",
   "name": "Everyone Soap Shampoo, Body Wash, Bubble Bath Coconut+Lemon",
   "price": "10.99",
   "description": "32 oz�",
   "image": "https://d2lnr5mha7bycj.cloudfront.net/product-image/file/large_6dfa53a2-7e57-458a-aa2e-1506526f1310.jpg",
   "Image 2": "",
   "Product Link": "https://www.instacart.com/store/items/4570195?source1=aisle&source2=1337&source3=1337&impressionId=59fce707-9109-447a-b208-cfc315221925",
   "FIELD9": ""
 },
 {
   "category": "Personal Care",
   "subcategory": "Hair Care",
   "name": "365 Lavender Blend Shampoo",
   "price": "4.99",
   "description": "16 fl oz�",
   "image": "https://d2lnr5mha7bycj.cloudfront.net/product-image/file/large_b328ab10-89de-4040-b7c3-980e91b87d42.jpg",
   "Image 2": "",
   "Product Link": "https://www.instacart.com/store/items/30757115?source1=aisle&source2=1337&source3=1337&impressionId=3f561c43-e79d-4ea4-88f5-19f69131d2ca",
   "FIELD9": ""
 },
 {
   "category": "Personal Care",
   "subcategory": "Hair Care",
   "name": "365 Herbal Mint Shampoo",
   "price": "4.99",
   "description": "16 fl oz�",
   "image": "https://d2lnr5mha7bycj.cloudfront.net/product-image/file/large_5a4297fb-5f55-4bcd-8616-468c2af357b7.jpg",
   "Image 2": "",
   "Product Link": "https://www.instacart.com/store/items/29487474?source1=aisle&source2=1337&source3=1337&impressionId=ffd7bf53-69a0-43f0-893f-0fa48c9b67c6",
   "FIELD9": ""
 },
 {
   "category": "Personal Care",
   "subcategory": "Hair Care",
   "name": "365 Grapefruit Shampoo",
   "price": "4.99",
   "description": "16 fl oz�",
   "image": "https://d2lnr5mha7bycj.cloudfront.net/product-image/file/large_68a72b78-68fe-453f-b02e-31c17c964324.jpg",
   "Image 2": "",
   "Product Link": "https://www.instacart.com/store/items/31543246?source1=aisle&source2=1337&source3=1337&impressionId=43c44df0-7f20-46b5-9ee2-13b843e16ef4",
   "FIELD9": ""
 },
 {
   "category": "Personal Care",
   "subcategory": "Hair Care",
   "name": "Giovanni Eco Chic Technology Smooth as Silk Deep Moisture Conditioner for Damaged Hair",
   "price": "7.99",
   "description": "8.5 fl oz�",
   "image": "https://d2lnr5mha7bycj.cloudfront.net/product-image/file/large_d1dd3e0c-5dd0-4f5d-8c55-70ef8c1ff551.jpg",
   "Image 2": "",
   "Product Link": "https://www.instacart.com/store/items/21034078?source1=aisle&source2=1337&source3=1337&impressionId=e0a22290-2e51-4e37-aac6-b1b9dd1409ab",
   "FIELD9": ""
 },
 {
   "category": "Personal Care",
   "subcategory": "Hair Care",
   "name": "Acure Clarifying Shampoo",
   "price": "9.99",
   "description": "8 oz�",
   "image": "https://d2lnr5mha7bycj.cloudfront.net/product-image/file/large_208d0949-b268-452a-a8ba-d12d5d77fa14.jpg",
   "Image 2": "",
   "Product Link": "https://www.instacart.com/store/items/4562896?source1=aisle&source2=1337&source3=1337&impressionId=1756f226-c8bc-4cc6-85e1-b7db1320f291",
   "FIELD9": ""
 },
 {
   "category": "Personal Care",
   "subcategory": "Hair Care",
   "name": "Alba Botanica Natural Hawaiian Shampoo Coconut Milk",
   "price": "10.99",
   "description": "12 fl oz�",
   "image": "https://d2lnr5mha7bycj.cloudfront.net/product-image/file/large_21ab50f6-f57e-4c8c-b6fc-f346c46cd2c8.jpg",
   "Image 2": "",
   "Product Link": "https://www.instacart.com/store/items/4563956?source1=aisle&source2=1337&source3=1337&impressionId=bf39ae27-45e1-4de0-8c69-ecfdbb23b66f",
   "FIELD9": ""
 },
 {
   "category": "Personal Care",
   "subcategory": "Hair Care",
   "name": "Alba Botanica Natural Hawaiian Conditioner Coconut Milk",
   "price": "10.99",
   "description": "12 fl oz�",
   "image": "https://d2lnr5mha7bycj.cloudfront.net/product-image/file/large_310af5a3-356f-494f-8b29-5cd76d32fe3e.jpg",
   "Image 2": "",
   "Product Link": "https://www.instacart.com/store/items/4563325?source1=aisle&source2=1337&source3=1337&impressionId=b575078e-a30e-4ba9-b6c9-cfa975fec0a5",
   "FIELD9": ""
 },
 {
   "category": "Personal Care",
   "subcategory": "Hair Care",
   "name": "Giovanni Eco Chic Technology Tea Tree Triple Treat Shampoo for All Hair Types",
   "price": "7.99",
   "description": "8.5 oz�",
   "image": "https://d2lnr5mha7bycj.cloudfront.net/product-image/file/large_45076a42-2fd7-4752-838e-d2e49358795d.jpg",
   "Image 2": "",
   "Product Link": "https://www.instacart.com/store/items/4460132?source1=aisle&source2=1337&source3=1337&impressionId=f1dc8884-57d0-44b9-a9e1-32c257eca028",
   "FIELD9": ""
 },
 {
   "category": "Personal Care",
   "subcategory": "Hair Care",
   "name": "Giovanni Smooth as Silk Deep Moisture Shampoo",
   "price": "7.99",
   "description": "8.5 oz�",
   "image": "https://d2lnr5mha7bycj.cloudfront.net/product-image/file/large_68d65574-cfb1-4ba6-b72c-3c4bd961efac.jpg",
   "Image 2": "",
   "Product Link": "https://www.instacart.com/store/items/4458145?source1=aisle&source2=1337&source3=1337&impressionId=a825a43b-2942-4a48-91b5-768558c17156",
   "FIELD9": ""
 },
 {
   "category": "Personal Care",
   "subcategory": "Hair Care",
   "name": "365 Herbal Mint Conditioner",
   "price": "4.99",
   "description": "16 oz�",
   "image": "https://d2lnr5mha7bycj.cloudfront.net/product-image/file/large_4bb35d5c-d5f6-4c21-a6fd-0b28d2832686.jpg",
   "Image 2": "",
   "Product Link": "https://www.instacart.com/store/items/31093028?source1=aisle&source2=1337&source3=1337&impressionId=dfb8ab8a-f690-42d7-9109-bb701df79819",
   "FIELD9": ""
 },
 {
   "category": "Personal Care",
   "subcategory": "Hair Care",
   "name": "The Honest Company Honest Conditioner Sweet Orange Vanilla",
   "price": "10.49",
   "description": "10.0 fl oz�",
   "image": "https://d2lnr5mha7bycj.cloudfront.net/product-image/file/large_f34ef3b8-511a-4b5b-a4d6-72e9b94f63e8.jpg",
   "Image 2": "",
   "Product Link": "https://www.instacart.com/store/items/4491910?source1=aisle&source2=1337&source3=1337&impressionId=438675d1-2c4f-4c3d-9561-dbc33de66aa0",
   "FIELD9": ""
 },
 {
   "category": "Personal Care",
   "subcategory": "Hair Care",
   "name": "365 Grapefruit Conditioner",
   "price": "4.99",
   "description": "16 oz�",
   "image": "https://d2lnr5mha7bycj.cloudfront.net/product-image/file/large_00622cbd-ca6f-44a5-b7d3-c694ea7a5712.jpg",
   "Image 2": "",
   "Product Link": "https://www.instacart.com/store/items/31672248?source1=aisle&source2=1337&source3=1337&impressionId=6a29a258-6376-4aca-9437-a326235a89a2",
   "FIELD9": ""
 },
 {
   "category": "Personal Care",
   "subcategory": "Hair Care",
   "name": "Avalon Organics Shampoo Nourishing Lavender",
   "price": "10.49",
   "description": "11.0 fl oz",
   "image": "https://d2lnr5mha7bycj.cloudfront.net/product-image/file/large_af3859f6-8b74-4e56-a76f-dc9dca3d8422.jpg",
   "Image 2": "",
   "Product Link": "https://www.instacart.com/store/items/4471854?source1=aisle&source2=1337&source3=1337&impressionId=661bd6eb-e6f2-4714-9db3-730d1e76868d",
   "FIELD9": ""
 },
 {
   "category": "Personal Care",
   "subcategory": "Hair Care",
   "name": "The Honest Company Honest Detangler Sweet Orange Vanilla",
   "price": "5.99",
   "description": "4.0 fl oz�",
   "image": "https://d2lnr5mha7bycj.cloudfront.net/product-image/file/large_2eb5bea7-db0d-42ef-a385-a2298ad163e7.jpg",
   "Image 2": "",
   "Product Link": "https://www.instacart.com/store/items/4491884?source1=aisle&source2=1337&source3=1337&impressionId=ad880098-e86e-4390-9488-d92d5ec3614a",
   "FIELD9": ""
 },
 {
   "category": "Personal Care",
   "subcategory": "Hair Care",
   "name": "Avalon Organics Scalp Treatment Tea Tree Shampoo",
   "price": "10.49",
   "description": "11.0 fl oz�",
   "image": "https://d2lnr5mha7bycj.cloudfront.net/product-image/file/large_e0f0a4c6-41cd-4bd3-84a5-1f9eb7091277.jpg",
   "Image 2": "",
   "Product Link": "https://www.instacart.com/store/items/4571710?source1=aisle&source2=1337&source3=1337&impressionId=d31eedb1-dc4c-487a-9598-a1369da2ed20",
   "FIELD9": ""
 },
 {
   "category": "Personal Care",
   "subcategory": "Hair Care",
   "name": "Giovanni 2Chic Ultra-Moist Conditioner Avocado & Olive Oil",
   "price": "8.99",
   "description": "8.5 fl oz�",
   "image": "https://d2lnr5mha7bycj.cloudfront.net/product-image/file/large_5e7ddb84-eb30-48f3-9f15-3d113247faa5.jpg",
   "Image 2": "",
   "Product Link": "https://www.instacart.com/store/items/4521156?source1=aisle&source2=1337&source3=1337&impressionId=ec7d52f5-0315-462a-b41b-74a4c6f6a5b4",
   "FIELD9": ""
 },
 {
   "category": "Personal Care",
   "subcategory": "Hair Care",
   "name": "Giovanni 50:50 Balanced Hydtrating-Clarifying Shampoo",
   "price": "7.99",
   "description": "8.5 fl oz�",
   "image": "https://d2lnr5mha7bycj.cloudfront.net/product-image/file/large_33f4b180-71db-4774-89e0-a45d845b3881.jpg",
   "Image 2": "",
   "Product Link": "https://www.instacart.com/store/items/4462173?source1=aisle&source2=1337&source3=1337&impressionId=7f7e979b-9f2f-4afd-bf2a-71f120b1954e",
   "FIELD9": ""
 },
 {
   "category": "Personal Care",
   "subcategory": "Cleanses & Detoxes",
   "name": "Aura Cacia Peppermint Essential Oil",
   "price": "8.99",
   "description": "0.5 fl oz�",
   "image": "https://d2lnr5mha7bycj.cloudfront.net/product-image/file/large_9bca2e2e-7706-49e2-85ec-f91fda159910.jpg",
   "Image 2": "",
   "Product Link": "https://www.instacart.com/store/items/4546939?source1=aisle&source2=1349&source3=1349&impressionId=9934e231-52c0-43b7-bf7d-150914a15dbc",
   "FIELD9": ""
 },
 {
   "category": "Personal Care",
   "subcategory": "Cleanses & Detoxes",
   "name": "365 Complete Body Cleanse Kit",
   "price": "19.99",
   "description": "",
   "image": "https://d2lnr5mha7bycj.cloudfront.net/product-image/file/large_1ca55170-cd2c-4cce-b739-528d115dcdc7.jpg",
   "Image 2": "",
   "Product Link": "https://www.instacart.com/store/items/15202455?source1=aisle&source2=1349&source3=1349&impressionId=49e30f2e-71bf-4152-bb6f-675cdf21e686",
   "FIELD9": ""
 },
 {
   "category": "Personal Care",
   "subcategory": "Cleanses & Detoxes",
   "name": "Andalou Naturals Instant Brighten & Tighten Hydro Serum Facial Mask",
   "price": "5.99",
   "description": "0.6 fl oz�",
   "image": "https://d2lnr5mha7bycj.cloudfront.net/product-image/file/large_86999e0a-651e-4c92-b18c-d900af801a62.jpg",
   "Image 2": "",
   "Product Link": "https://www.instacart.com/store/items/29632559?source1=aisle&source2=1349&source3=1349&impressionId=97b3b270-c02c-4945-8870-a87bdce4eb57",
   "FIELD9": ""
 },
 {
   "category": "Personal Care",
   "subcategory": "Cleanses & Detoxes",
   "name": "Yerba Prima Great Plains Bentonite Detox",
   "price": "10.99",
   "description": "16 oz�",
   "image": "https://d2lnr5mha7bycj.cloudfront.net/product-image/file/large_3f3df1ba-b74b-4f73-9012-75c1ee6de038.jpg",
   "Image 2": "",
   "Product Link": "https://www.instacart.com/store/items/4458128?source1=aisle&source2=1349&source3=1349&impressionId=64807f3b-5e80-48b3-9eb9-f68b6289325d",
   "FIELD9": ""
 },
 {
   "category": "Personal Care",
   "subcategory": "Cleanses & Detoxes",
   "name": "Andalou Naturals Facial Mask Age Defying Hydro Serum",
   "price": "5.99",
   "description": "6 fl oz�",
   "image": "https://d2lnr5mha7bycj.cloudfront.net/product-image/file/large_a49f4458-3387-4ec7-b9d8-5aef5cdaf73c.jpg",
   "Image 2": "",
   "Product Link": "https://www.instacart.com/store/items/32427874?source1=aisle&source2=1349&source3=1349&impressionId=f0b055f7-7db1-4daa-81b8-d3f509ab7f4a",
   "FIELD9": ""
 },
 {
   "category": "Personal Care",
   "subcategory": "Cleanses & Detoxes",
   "name": "365 Cucumber Aloe Hand Sanitizer Gel",
   "price": "3.99",
   "description": "2 fl oz�",
   "image": "https://d2lnr5mha7bycj.cloudfront.net/product-image/file/large_0e88873c-4011-415c-a683-d4d4ea2538d1.jpg",
   "Image 2": "",
   "Product Link": "https://www.instacart.com/store/items/45104638?source1=aisle&source2=1349&source3=1349&impressionId=11520878-7a6d-426b-bf38-86b5761febcd",
   "FIELD9": ""
 },
 {
   "category": "Personal Care",
   "subcategory": "Cleanses & Detoxes",
   "name": "Alba Botanica Hawaiian Detox Towelettes",
   "price": "6.99",
   "description": "30 ct�",
   "image": "https://d2lnr5mha7bycj.cloudfront.net/product-image/file/large_56922269-d37e-4155-9400-5a2ac971b3ee.jpg",
   "Image 2": "",
   "Product Link": "https://www.instacart.com/store/items/44280010?source1=aisle&source2=1349&source3=1349&impressionId=fe06a1b5-2006-4348-94e3-e622c4006493",
   "FIELD9": ""
 },
 {
   "category": "Personal Care",
   "subcategory": "Cleanses & Detoxes",
   "name": "Thayers Thayers Rose Petal Scented Witch Hazel & Aloe Vera Formula Body Bar",
   "price": "4.99",
   "description": "5 fl oz�",
   "image": "https://d2lnr5mha7bycj.cloudfront.net/product-image/file/large_d0dca1b9-0710-4c11-b12d-e0393c38bef9.jpg",
   "Image 2": "",
   "Product Link": "https://www.instacart.com/store/items/68808783?source1=aisle&source2=1349&source3=1349&impressionId=b92ffcc7-bbc4-4365-802c-ed3b2935af24",
   "FIELD9": ""
 },
 {
   "category": "Personal Care",
   "subcategory": "Cleanses & Detoxes",
   "name": "365 Orange Blossom Hand Sanitizer Spray",
   "price": "3.99",
   "description": "2 oz�",
   "image": "https://d2lnr5mha7bycj.cloudfront.net/product-image/file/large_fe899b21-cfff-4fc7-869d-70946fbb4303.jpg",
   "Image 2": "",
   "Product Link": "https://www.instacart.com/store/items/44372826?source1=aisle&source2=1349&source3=1349&impressionId=20f428cd-14c8-4c71-8816-a4e05eda4b4f",
   "FIELD9": ""
 },
 {
   "category": "Personal Care",
   "subcategory": "Cleanses & Detoxes",
   "name": "Andalou Naturals Firming Coconut Water Cleanser",
   "price": "12.99",
   "description": "5.5 fl oz�",
   "image": "https://d2lnr5mha7bycj.cloudfront.net/product-image/file/large_cb9ce4a9-67e8-4a1a-a3ad-16713d96c70d.jpg",
   "Image 2": "",
   "Product Link": "https://www.instacart.com/store/items/32427966?source1=aisle&source2=1349&source3=1349&impressionId=f024849f-3891-4cee-855c-ea29027fd5f3",
   "FIELD9": ""
 },
 {
   "category": "Personal Care",
   "subcategory": "Cleanses & Detoxes",
   "name": "Renew Life Flush & Be Fit",
   "price": "29.99",
   "description": "1.0 kit�",
   "image": "https://d2lnr5mha7bycj.cloudfront.net/product-image/file/large_8251628a-08f5-4f4f-918b-802d8c6d76b0.jpg",
   "Image 2": "",
   "Product Link": "https://d2lnr5mha7bycj.cloudfront.net/product-image/file/large_8251628a-08f5-4f4f-918b-802d8c6d76b0.jpg",
   "FIELD9": ""
 },
 {
   "category": "Personal Care",
   "subcategory": "Cleanses & Detoxes",
   "name": "Gaia Herbs Triphala Fruit",
   "price": "14.99",
   "description": "60 caps�",
   "image": "https://d2lnr5mha7bycj.cloudfront.net/product-image/file/large_db4a4e8f-0673-41c4-a3c9-b5cc4dc8141a.jpg",
   "Image 2": "",
   "Product Link": "",
   "FIELD9": ""
 },
 {
   "category": "Personal Care",
   "subcategory": "Cleanses & Detoxes",
   "name": "Alba Botanica Hawaiian Detox Cleanser",
   "price": "11.99",
   "description": "6 oz�",
   "image": "https://d2lnr5mha7bycj.cloudfront.net/product-image/file/large_a03bc4fa-b9d1-4e7f-83be-da5120338198.jpg",
   "Image 2": "",
   "Product Link": "https://www.instacart.com/store/items/44280047?source1=aisle&source2=1349&source3=1349&impressionId=ec44e30e-8ae1-40f6-ae2d-41f19f305e4b",
   "FIELD9": ""
 },
 {
   "category": "Personal Care",
   "subcategory": "Cleanses & Detoxes",
   "name": "Solaray Pantothenic Acid?",
   "price": "13.99",
   "description": "100 caplets�",
   "image": "https://d2lnr5mha7bycj.cloudfront.net/product-image/file/large_11990e73-e47c-4bcd-98ee-2d12d1ed0a78.jpg",
   "Image 2": "",
   "Product Link": "https://www.instacart.com/store/items/4463925?source1=aisle&source2=1349&source3=1349&impressionId=1f557829-8f1c-4aae-ba24-ec3b716b72d2",
   "FIELD9": ""
 },
 {
   "category": "Personal Care",
   "subcategory": "Cleanses & Detoxes",
   "name": "Now Cider Vinegar Diet Formula Capsules",
   "price": "14.99",
   "description": "180 ct�",
   "image": "https://d2lnr5mha7bycj.cloudfront.net/product-image/file/large_be0d8f6f-8117-4518-95de-4fa11f77f92f.jpg",
   "Image 2": "",
   "Product Link": "https://www.instacart.com/store/items/4571633?source1=aisle&source2=1349&source3=1349&impressionId=b8682a7b-ca8c-4476-b351-d1fe4fa3aabf",
   "FIELD9": ""
 },
 {
   "category": "Personal Care",
   "subcategory": "Muscles, Joints & Pain Relief",
   "name": "Boiron Arnica Montana 30 C - 80 CT",
   "price": "6.99",
   "description": "80.0 ct�",
   "image": "https://d2lnr5mha7bycj.cloudfront.net/product-image/file/large_5c5b2a61-e5d9-458a-81c3-ae3662a46825.jpg",
   "Image 2": "",
   "Product Link": "https://www.instacart.com/store/items/4474594?source1=aisle&source2=1338&source3=1338&impressionId=4d545011-4b6b-41c3-9e20-ea58e63b8532",
   "FIELD9": ""
 },
 {
   "category": "Personal Care",
   "subcategory": "Muscles, Joints & Pain Relief",
   "name": "Boiron Arnicare Cream Homeopathic Medicine Pain Relief",
   "price": "7.99",
   "description": "1.33 oz�",
   "image": "https://d2lnr5mha7bycj.cloudfront.net/product-image/file/large_9bc27c13-1579-45af-9734-7402df38de80.jpg",
   "Image 2": "",
   "Product Link": "https://www.instacart.com/store/items/4483118?source1=aisle&source2=1338&source3=1338&impressionId=66216be6-35e4-4c6b-a41f-b06d2d13d04f",
   "FIELD9": ""
 },
 {
   "category": "Personal Care",
   "subcategory": "Muscles, Joints & Pain Relief",
   "name": "Boiron Arnicare Cream Homeopathic Medicine Pain Relief",
   "price": "11.99",
   "description": "2.5 oz�",
   "image": "https://d2lnr5mha7bycj.cloudfront.net/product-image/file/large_f057d93a-5980-4d53-8c6c-79654f25059a.jpg",
   "Image 2": "",
   "Product Link": "https://www.instacart.com/store/items/4483032?source1=aisle&source2=1338&source3=1338&impressionId=5c922c22-4668-47b0-8e93-acbb2a467012",
   "FIELD9": ""
 },
 {
   "category": "Personal Care",
   "subcategory": "Muscles, Joints & Pain Relief",
   "name": "SaltWorks Premium Epsom Salt",
   "price": "9.99",
   "description": "5 lb�",
   "image": "https://d2lnr5mha7bycj.cloudfront.net/product-image/file/large_0b3c9c90-cd23-4203-9476-86ca458ae2b4.jpg",
   "Image 2": "",
   "Product Link": "https://www.instacart.com/store/items/21471987?source1=aisle&source2=1338&source3=1338&impressionId=5b67f730-9452-486b-859b-dae68790d6d1",
   "FIELD9": ""
 },
 {
   "category": "Personal Care",
   "subcategory": "Muscles, Joints & Pain Relief",
   "name": "Whole Foods Market Fizz Bathbomb Muscle Soak",
   "price": "2.99",
   "description": "2.3 oz�",
   "image": "https://d2lnr5mha7bycj.cloudfront.net/product-image/file/large_75a8be0a-4884-4576-9b3a-a34a1907277d.jpg",
   "Image 2": "",
   "Product Link": "https://www.instacart.com/store/items/26358229?source1=aisle&source2=1338&source3=1338&impressionId=c49820b2-6495-4c22-9c3e-238f865ac8ff",
   "FIELD9": ""
 },
 {
   "category": "Personal Care",
   "subcategory": "Muscles, Joints & Pain Relief",
   "name": "365 Arnica Gel",
   "price": "8.99",
   "description": "2.6 oz�",
   "image": "https://d2lnr5mha7bycj.cloudfront.net/product-image/file/large_68ebc4ce-9905-4b15-b1ca-dd7034ecbb09.jpg",
   "Image 2": "",
   "Product Link": "https://www.instacart.com/store/items/4562894?source1=aisle&source2=1338&source3=1338&impressionId=620b3c84-83ef-44e3-a207-3b515d725634",
   "FIELD9": ""
 },
 {
   "category": "Personal Care",
   "subcategory": "Muscles, Joints & Pain Relief",
   "name": "Svelte CalNaturale Svelte Organic Protein Shake Chocolate - 4 PK",
   "price": "9.99",
   "description": "11.0 fl oz�",
   "image": "https://d2lnr5mha7bycj.cloudfront.net/product-image/file/large_e72044dc-1666-4b22-957b-c547201a630a.jpg",
   "Image 2": "",
   "Product Link": "https://www.instacart.com/store/items/4524214?source1=aisle&source2=1338&source3=1338&impressionId=dbe75f5b-6778-403e-b277-7ad118a119f0",
   "FIELD9": ""
 },
 {
   "category": "Personal Care",
   "subcategory": "Muscles, Joints & Pain Relief",
   "name": "Tiger Balm Pain Relieving Patch - 5 CT",
   "price": "7.49",
   "description": "5.0 ct�",
   "image": "https://d2lnr5mha7bycj.cloudfront.net/product-image/file/large_9e21764c-9430-447c-ac73-ee73a9463a8e.jpg",
   "Image 2": "",
   "Product Link": "https://www.instacart.com/store/items/4486031?source1=aisle&source2=1338&source3=1338&impressionId=4fa3686c-0b5b-4117-bc08-55f739ca5b77",
   "FIELD9": ""
 },
 {
   "category": "Personal Care",
   "subcategory": "Muscles, Joints & Pain Relief",
   "name": "Thayers Witch Hazel Astringent Pads",
   "price": "8.99",
   "description": "60 ct�",
   "image": "https://d2lnr5mha7bycj.cloudfront.net/product-image/file/large_4fd1d13d-9082-4c57-982e-67a14e97cc1b.jpg",
   "Image 2": "",
   "Product Link": "https://www.instacart.com/store/items/4485913?source1=aisle&source2=1338&source3=1338&impressionId=18e2273b-d4ff-4ffb-9d8c-7a0176c1f41f",
   "FIELD9": ""
 },
 {
   "category": "Personal Care",
   "subcategory": "Muscles, Joints & Pain Relief",
   "name": "365 Glucosamine, Chondroitin & MSM Dietary Supplement Capsules",
   "price": "15.99",
   "description": "120 ct�",
   "image": "https://d2lnr5mha7bycj.cloudfront.net/product-image/file/large_1fabd40d-0202-44ee-a4db-47ed10390501.jpg",
   "Image 2": "",
   "Product Link": "https://www.instacart.com/store/items/31671752?source1=aisle&source2=1338&source3=1338&impressionId=d8e8c806-f375-44f4-bec4-f0c9de84e3fb",
   "FIELD9": ""
 },
 {
   "category": "Personal Care",
   "subcategory": "Muscles, Joints & Pain Relief",
   "name": "Tiger Balm Red Extra Strength Pain Relieving Ointment Concentrated",
   "price": "7.99",
   "description": "18 gr�",
   "image": "https://d2lnr5mha7bycj.cloudfront.net/product-image/file/large_bb136c48-926b-406c-9ddc-54917d69c66b.jpg",
   "Image 2": "",
   "Product Link": "https://www.instacart.com/store/items/4486085?source1=aisle&source2=1338&source3=1338&impressionId=dad96d9b-92f7-4dfe-8245-a184c4528b87",
   "FIELD9": ""
 },
 {
   "category": "Personal Care",
   "subcategory": "Muscles, Joints & Pain Relief",
   "name": "Arnicare Pain Relief, Gel, Value Size",
   "price": "16.99",
   "description": "4.1 oz�",
   "image": "https://d2lnr5mha7bycj.cloudfront.net/product-image/file/large_5260a75f-7ef5-42bf-be87-febce25709e1.jpg",
   "Image 2": "",
   "Product Link": "https://www.instacart.com/store/items/31730985?source1=aisle&source2=1338&source3=1338&impressionId=93d3c8c2-b129-4248-aef9-4baf26c6ecba",
   "FIELD9": ""
 },
 {
   "category": "Personal Care",
   "subcategory": "Muscles, Joints & Pain Relief",
   "name": "Boiron Arnicare Tablets Pain Relief Homeopathic Medicine - 60 CT",
   "price": "11.99",
   "description": "60.0 ct�",
   "image": "https://d2lnr5mha7bycj.cloudfront.net/product-image/file/large_1c538d92-f848-4acb-b5bf-86c7e12f8c7a.png",
   "Image 2": "",
   "Product Link": "https://www.instacart.com/store/items/4541468?source1=aisle&source2=1338&source3=1338&impressionId=db6427e5-83a6-4d91-b7c1-d9ecdcd383e2",
   "FIELD9": ""
 },
 {
   "category": "Personal Care",
   "subcategory": "Muscles, Joints & Pain Relief",
   "name": "365 Glucosamine Chondroitin & MSM Healthy Joint Complex Dietary Supplement",
   "price": "28.99",
   "description": "240 ct�",
   "image": "https://d2lnr5mha7bycj.cloudfront.net/product-image/file/large_ca900186-e224-4e4f-bca7-97d8ce5f7277.jpg",
   "Image 2": "",
   "Product Link": "https://www.instacart.com/store/items/16798844?source1=aisle&source2=1338&source3=1338&impressionId=5411e14e-d54d-44a1-82ba-610fd0b63102",
   "FIELD9": ""
 },
 {
   "category": "Personal Care",
   "subcategory": "Muscles, Joints & Pain Relief",
   "name": "Jarrow Curcumin 95 500 mg",
   "price": "19.49",
   "description": "60 capsules�",
   "image": "https://d2lnr5mha7bycj.cloudfront.net/product-image/file/large_acb3058d-d0de-4fa8-ad89-f586c6b580a1.jpg",
   "Image 2": "",
   "Product Link": "https://www.instacart.com/store/items/4565766?source1=aisle&source2=1338&source3=1338&impressionId=b34cbf63-ae5e-4cc3-8063-78abaf2e76d7",
   "FIELD9": ""
 },
 {
   "category": "Personal Care",
   "subcategory": "Muscles, Joints & Pain Relief",
   "name": "Boiron Arnicare Gel Homeopathic Medicine Pain Relief Value Pack Topical & Oral Pellets",
   "price": "13.99",
   "description": "2.6 oz�",
   "image": "https://d2lnr5mha7bycj.cloudfront.net/product-image/file/large_55bcd319-56ae-4dcc-bc2b-5a65d2667384.jpg",
   "Image 2": "",
   "Product Link": "https://www.instacart.com/store/items/4482539?source1=aisle&source2=1338&source3=1338&impressionId=5271424b-bee4-424e-9c2c-1f7e1b9bd027",
   "FIELD9": ""
 },
 {
   "category": "Personal Care",
   "subcategory": "Muscles, Joints & Pain Relief",
   "name": "Boiron Arnicare Arthritis Pain Homeopathic Medicine Quick-Dissolving Tablets - 60 CT",
   "price": "11.99",
   "description": "60.0 ct�",
   "image": "https://d2lnr5mha7bycj.cloudfront.net/product-image/file/large_57c17eef-948b-4547-aa27-2bb11798330b.png",
   "Image 2": "",
   "Product Link": "https://www.instacart.com/store/items/4570817?source1=aisle&source2=1338&source3=1338&impressionId=fc368e71-87c0-4737-b0a1-9e31da679788",
   "FIELD9": ""
 },
 {
   "category": "Personal Care",
   "subcategory": "Muscles, Joints & Pain Relief",
   "name": "Jarrow Formulas MSM Sulfur Capsules",
   "price": "12.49",
   "description": "100 ct�",
   "image": "https://d2lnr5mha7bycj.cloudfront.net/product-image/file/large_bbefb6ff-d7f0-4398-81a2-fc3b72f3c013.jpg",
   "Image 2": "",
   "Product Link": "https://www.instacart.com/store/items/4562513?source1=aisle&source2=1338&source3=1338&impressionId=422560b2-b92b-42bc-8a13-1cd6c331c40e",
   "FIELD9": ""
 },
 {
   "category": "Personal Care",
   "subcategory": "Muscles, Joints & Pain Relief",
   "name": "Biosil Ch-OSA Advanced Collagen Generator",
   "price": "33.99",
   "description": "60 vegetarian capsules�",
   "image": "https://d2lnr5mha7bycj.cloudfront.net/product-image/file/large_3b100f33-9b2f-403a-a28f-e269ba127273.jpg",
   "Image 2": "",
   "Product Link": "https://www.instacart.com/store/items/4566243?source1=aisle&source2=1338&source3=1338&impressionId=6aa3edcb-f252-46fb-b2f9-4b9bb07807ca",
   "FIELD9": ""
 },
 {
   "category": "Personal Care",
   "subcategory": "Muscles, Joints & Pain Relief",
   "name": "365 Glucosamine Chondroitin Complex With MSM",
   "price": "29.99",
   "description": "120 ct�",
   "image": "https://d2lnr5mha7bycj.cloudfront.net/product-image/file/large_cf80ef26-ce47-4f6a-b34f-0ec0426ea774.jpg",
   "Image 2": "",
   "Product Link": "https://www.instacart.com/store/items/4464490?source1=aisle&source2=1338&source3=1338&impressionId=40284f16-30cf-45c9-8be2-9ad77559b05c",
   "FIELD9": ""
 },
 {
   "category": "Personal Care",
   "subcategory": "Protein & Meal Replacements",
   "name": "Stonyfield Organic Organic Yobaby Vanilla with Probiotics Whole Milk Yogurt",
   "price": "4.99",
   "description": "6 x 4 oz�",
   "image": "https://d2lnr5mha7bycj.cloudfront.net/product-image/file/large_d9fc4356-c49f-4697-ab68-3d4088ad14c5.JPG",
   "Image 2": "",
   "Product Link": "https://www.instacart.com/store/items/18446660?source1=aisle&source2=1339&source3=1339&impressionId=ff08a300-e32a-4827-aca6-c8c214c36249",
   "FIELD9": ""
 },
 {
   "category": "Personal Care",
   "subcategory": "Protein & Meal Replacements",
   "name": "365 Vanilla Whey Protein Powder",
   "price": "13.99",
   "description": "13.7 oz�",
   "image": "https://d2lnr5mha7bycj.cloudfront.net/product-image/file/large_825366e2-ce41-4ab8-9dd7-4b39da2cd1f8.jpg",
   "Image 2": "",
   "Product Link": "https://www.instacart.com/store/items/16375090?source1=aisle&source2=1339&source3=1339&impressionId=6b57bea4-b920-4990-a010-35f2f5a05727",
   "FIELD9": ""
 },
 {
   "category": "Personal Care",
   "subcategory": "Protein & Meal Replacements",
   "name": "Thats It 1 Apple + 1 Pear Fruit Bar",
   "price": "1.79",
   "description": "1.2 oz�",
   "image": "https://d2lnr5mha7bycj.cloudfront.net/product-image/file/large_2297c21b-6088-4a15-9b56-eca0721391a0.jpg",
   "Image 2": "",
   "Product Link": "https://www.instacart.com/store/items/4511031?source1=aisle&source2=1339&source3=1339&impressionId=eb6ed6a5-f8c0-46f3-b081-49ec13cbad6f",
   "FIELD9": ""
 },
 {
   "category": "Personal Care",
   "subcategory": "Protein & Meal Replacements",
   "name": "Orgain Vegan Smooth Chocolate Nutritional Shake",
   "price": "2.99",
   "description": "11.0 fl oz�",
   "image": "https://d2lnr5mha7bycj.cloudfront.net/product-image/file/large_3e14eeda-0a16-4565-b188-17fccd22b446.jpg",
   "Image 2": "",
   "Product Link": "https://www.instacart.com/store/items/4532791?source1=aisle&source2=1339&source3=1339&impressionId=49d02b59-da54-47a2-83eb-4a605dfcd169",
   "FIELD9": ""
 },
 {
   "category": "Personal Care",
   "subcategory": "Protein & Meal Replacements",
   "name": "365 Natural Chocolate Flavor Whey Protein Powder",
   "price": "13.99",
   "description": "16.1 oz�",
   "image": "https://d2lnr5mha7bycj.cloudfront.net/product-image/file/large_c5a62c77-b5ce-4653-8aa7-e137eaad6e3e.jpg",
   "Image 2": "",
   "Product Link": "https://www.instacart.com/store/items/16798860?source1=aisle&source2=1339&source3=1339&impressionId=5fddfafb-49a6-4440-9968-00b322b1caff",
   "FIELD9": ""
 },
 {
   "category": "Personal Care",
   "subcategory": "Protein & Meal Replacements",
   "name": "Clif Builder's� Vanilla Almond Protein Bar",
   "price": "1.79",
   "description": "2.4 oz�",
   "image": "https://d2lnr5mha7bycj.cloudfront.net/product-image/file/large_8412d5cb-95af-4981-8a0b-ff26216e3cea.jpg",
   "Image 2": "",
   "Product Link": "https://www.instacart.com/store/items/4575965?source1=aisle&source2=1339&source3=1339&impressionId=c9ba7a96-a21e-4b5a-a14e-5f922ce870ec",
   "FIELD9": ""
 },
 {
   "category": "Personal Care",
   "subcategory": "Protein & Meal Replacements",
   "name": "Vega Viva Vanilla Flavor Protein Smoothie Instant Powder Drink Mix",
   "price": "19.99",
   "description": "9.3oz�",
   "image": "https://d2lnr5mha7bycj.cloudfront.net/product-image/file/large_4df6d6d9-437d-43d9-8e1a-785d80ff2688.jpg",
   "Image 2": "",
   "Product Link": "https://www.instacart.com/store/items/4521448?source1=aisle&source2=1339&source3=1339&impressionId=47f178b3-21e6-48ab-9497-5ff4cc59e5b9",
   "FIELD9": ""
 },
 {
   "category": "Personal Care",
   "subcategory": "Protein & Meal Replacements",
   "name": "Vega One Plant-Based French Vanilla Flavor Nutritional Shake Drink Mix",
   "price": "3.99",
   "description": "1.5 oz�",
   "image": "https://d2lnr5mha7bycj.cloudfront.net/product-image/file/large_492964f4-3c6c-4974-baef-6afdd266cb2f.jpg",
   "Image 2": "",
   "Product Link": "https://www.instacart.com/store/items/4515909?source1=aisle&source2=1339&source3=1339&impressionId=33c007f2-e912-4243-9959-759bfb7dc8e5",
   "FIELD9": ""
 },
 {
   "category": "Personal Care",
   "subcategory": "Protein & Meal Replacements",
   "name": "Orgain Organic Nutrition Complete Protein Shake Sweet Vanilla Bean",
   "price": "11.99",
   "description": "4 x 11 fl oz�",
   "image": "https://d2lnr5mha7bycj.cloudfront.net/product-image/file/large_6c38a6cc-b1ec-4d27-806d-340245f04648.jpg",
   "Image 2": "",
   "Product Link": "https://www.instacart.com/store/items/4530303?source1=aisle&source2=1339&source3=1339&impressionId=9ece776c-7bd6-4d75-8a64-81a9e279155b",
   "FIELD9": ""
 },
 {
   "category": "Personal Care",
   "subcategory": "Protein & Meal Replacements",
   "name": "Orgain Organic Nutrition Complete Protein Shake Creamy Chocolate Fudge",
   "price": "2.99",
   "description": "11 fl oz�",
   "image": "https://d2lnr5mha7bycj.cloudfront.net/product-image/file/large_fb090ce6-0666-4010-a761-3489885b4c88.jpg",
   "Image 2": "",
   "Product Link": "https://www.instacart.com/store/items/4521026?source1=aisle&source2=1339&source3=1339&impressionId=d82aa876-0669-4444-851c-69090517ad03",
   "FIELD9": ""
 },
 {
   "category": "Personal Care",
   "subcategory": "Protein & Meal Replacements",
   "name": "Orgain Organic Protein Nutritional Protein Shake Creamy Chocolate",
   "price": "3.79",
   "description": "14.0 fl oz�",
   "image": "https://d2lnr5mha7bycj.cloudfront.net/product-image/file/large_cd4285db-199f-4ed9-9379-015425634254.jpg",
   "Image 2": "",
   "Product Link": "https://www.instacart.com/store/items/13385354?source1=aisle&source2=1339&source3=1339&impressionId=588a32c6-0c27-4aaa-a7fd-16311dc1e134",
   "FIELD9": ""
 },
 {
   "category": "Personal Care",
   "subcategory": "Protein & Meal Replacements",
   "name": "Organic Valley Organic Fuel Chocolate High Protein Milk Shake",
   "price": "4.39",
   "description": "11 oz�",
   "image": "https://d2lnr5mha7bycj.cloudfront.net/product-image/file/large_ad2f0dc2-b202-4f2e-abb9-ceb19eb038f2.jpg",
   "Image 2": "",
   "Product Link": "https://www.instacart.com/store/items/4500963?source1=aisle&source2=1339&source3=1339&impressionId=cd79263a-a3cc-4ecb-a2fd-d9845902b6e9",
   "FIELD9": ""
 },
 {
   "category": "Personal Care",
   "subcategory": "Protein & Meal Replacements",
   "name": "Vega Choc-A-Lot Flavor Protein Smoothie Instant Powder Drink Mix",
   "price": "19.99",
   "description": "9.2 oz�",
   "image": "https://d2lnr5mha7bycj.cloudfront.net/product-image/file/large_c5eec9d1-6bc5-4d04-b929-edc150fb4d5f.jpg",
   "Image 2": "",
   "Product Link": "https://www.instacart.com/store/items/4523000?source1=aisle&source2=1339&source3=1339&impressionId=89df673b-2995-44af-879a-a11e8e0326f9",
   "FIELD9": ""
 },
 {
   "category": "Personal Care",
   "subcategory": "Protein & Meal Replacements",
   "name": "Vega One Plant-Based Chocolate Flavor Nutritional Shake Drink Mix",
   "price": "3.99",
   "description": "1.6 oz�",
   "image": "https://d2lnr5mha7bycj.cloudfront.net/product-image/file/large_73e8b9ce-fe44-4fd0-a70b-fc4a469f52c1.jpg",
   "Image 2": "",
   "Product Link": "https://www.instacart.com/store/items/4569721?source1=aisle&source2=1339&source3=1339&impressionId=40ec7a51-6594-4cf9-a149-4543652c63c3",
   "FIELD9": ""
 },
 {
   "category": "Personal Care",
   "subcategory": "Protein & Meal Replacements",
   "name": "Organic Valley Organic Fuel Vanilla High Protein Milk Shake",
   "price": "4.39",
   "description": "11 oz�",
   "image": "https://d2lnr5mha7bycj.cloudfront.net/product-image/file/large_493f61c9-e73a-47ee-a2e9-8002f30f09bb.jpg",
   "Image 2": "",
   "Product Link": "https://www.instacart.com/store/items/4501037?source1=aisle&source2=1339&source3=1339&impressionId=d99a363f-bca5-46e6-b89d-f26c0905b5b7",
   "FIELD9": ""
 },
 {
   "category": "Personal Care",
   "subcategory": "Protein & Meal Replacements",
   "name": "365 Vanilla Whey Protein Powder",
   "price": "26.99",
   "description": "25.8 oz�",
   "image": "https://d2lnr5mha7bycj.cloudfront.net/product-image/file/large_a11be578-6d54-418e-97a2-e2fe9d187ea7.jpg",
   "Image 2": "",
   "Product Link": "https://www.instacart.com/store/items/12900203?source1=aisle&source2=1339&source3=1339&impressionId=92ed5dae-fd08-4912-be55-5f4e2084ac54",
   "FIELD9": ""
 },
 {
   "category": "Personal Care",
   "subcategory": "Protein & Meal Replacements",
   "name": "Vega One French Vanilla Nutritional Shake Drink Mix",
   "price": "39.99",
   "description": "15 oz�",
   "image": "https://d2lnr5mha7bycj.cloudfront.net/product-image/file/large_2ff5878a-00eb-4195-a480-7548d5908c78.jpg",
   "Image 2": "",
   "Product Link": "https://www.instacart.com/store/items/4516046?source1=aisle&source2=1339&source3=1339&impressionId=03d425c8-8fb5-4bb0-8a59-f45eab77e2c3",
   "FIELD9": ""
 },
 {
   "category": "Personal Care",
   "subcategory": "Protein & Meal Replacements",
   "name": "Organic Valley Fuel High Chocolate Protein Shake",
   "price": "16.99",
   "description": "4 x 11 oz�",
   "image": "https://d2lnr5mha7bycj.cloudfront.net/product-image/file/large_8e44a6c1-5f07-4838-83d3-f5264721ef68.JPG",
   "Image 2": "",
   "Product Link": "https://www.instacart.com/store/items/14967024?source1=aisle&source2=1339&source3=1339&impressionId=256c6eaf-a49e-4a5d-805b-8a50dc01b216",
   "FIELD9": ""
 },
 {
   "category": "Personal Care",
   "subcategory": "Protein & Meal Replacements",
   "name": "Orgain Organic Nutrition Complete Protein Shake Sweet Vanilla Bean",
   "price": "2.99",
   "description": "11 oz�",
   "image": "https://d2lnr5mha7bycj.cloudfront.net/product-image/file/large_2a16c2b0-ccf9-425a-b08c-05830ef1e5f9.jpg",
   "Image 2": "",
   "Product Link": "https://www.instacart.com/store/items/4521205?source1=aisle&source2=1339&source3=1339&impressionId=9fad33f1-4889-4014-8877-3501ee6af4c5",
   "FIELD9": ""
 },
 {
   "category": "Personal Care",
   "subcategory": "Protein & Meal Replacements",
   "name": "Orgain Organic Protein Shake Creamy Chocolate",
   "price": "2.99",
   "description": "11 fl oz�",
   "image": "https://d2lnr5mha7bycj.cloudfront.net/product-image/file/large_b0596a5e-c076-4706-9bb4-4641a73dcbf1.jpg",
   "Image 2": "",
   "Product Link": "https://www.instacart.com/store/items/70111769?source1=aisle&source2=1339&source3=1339&impressionId=c4b2ed4c-db60-4572-bcfb-351a7574eccf",
   "FIELD9": ""
 },
 {
   "category": "Personal Care",
   "subcategory": "Family Planning",
   "name": "L. Condoms Ultra Thin Condoms",
   "price": "14.99",
   "description": "12 ct�",
   "image": "https://d2lnr5mha7bycj.cloudfront.net/product-image/file/large_41e71355-caf1-4ca4-917a-76c74b602c83.jpg",
   "Image 2": "",
   "Product Link": "https://www.instacart.com/store/items/34021569?source1=aisle&source2=3645&source3=3645&impressionId=617df54a-f58a-4cdc-bc3d-1fa08182d696",
   "FIELD9": ""
 },
 {
   "category": "Personal Care",
   "subcategory": "Family Planning",
   "name": "Sustain Ultra Thin Lubricated Condoms",
   "price": "4.99",
   "description": "3 ct�",
   "image": "https://d2lnr5mha7bycj.cloudfront.net/product-image/file/large_7c963154-1d24-4b2e-8d3d-dd042197b17a.jpg",
   "Image 2": "",
   "Product Link": "https://www.instacart.com/store/items/31671879?source1=aisle&source2=3645&source3=3645&impressionId=5f49f4b9-e7b7-4b30-858b-3515ecabc235",
   "FIELD9": ""
 },
 {
   "category": "Personal Care",
   "subcategory": "Family Planning",
   "name": "Sustain Ultra Thin Condoms",
   "price": "12.49",
   "description": "10 ct�",
   "image": "https://d2lnr5mha7bycj.cloudfront.net/product-image/file/large_4cb0d7c1-e478-477f-99a1-bb24af902cd6.jpg",
   "Image 2": "",
   "Product Link": "https://www.instacart.com/store/items/27687816?source1=aisle&source2=3645&source3=3645&impressionId=8065667d-cd4f-4e49-9279-4c8b1816e05b",
   "FIELD9": ""
 },
 {
   "category": "Personal Care",
   "subcategory": "Family Planning",
   "name": "Restore Moisturizing Personal Lubricant",
   "price": "21.99",
   "description": "2.0 fl oz�",
   "image": "https://d2lnr5mha7bycj.cloudfront.net/product-image/file/large_94c15008-1990-42cc-9cfa-f5c7651923e3.jpg",
   "Image 2": "",
   "Product Link": "https://www.instacart.com/store/items/31774936?source1=aisle&source2=3645&source3=3645&impressionId=bf2d8872-9478-43b6-97c5-8a032cfb7ea7",
   "FIELD9": ""
 },
 {
   "category": "Personal Care",
   "subcategory": "Adult Care",
   "name": "EcoTools EcoNet Recycled Bath Sponge",
   "price": "2.49",
   "description": "",
   "image": "https://d2lnr5mha7bycj.cloudfront.net/product-image/file/large_eaeba39e-0eac-4e92-b8fd-5f04a37483c4.jpg",
   "Image 2": "",
   "Product Link": "https://www.instacart.com/store/items/4595908?source1=aisle&source2=3646&source3=3646&impressionId=4c6323f4-1439-4866-bc9c-c9a6a0078697",
   "FIELD9": ""
 },
 {
   "category": "Personal Care",
   "subcategory": "Adult Care",
   "name": "Jason Men All-In-One Body Wash Forest Fresh",
   "price": "15.99",
   "description": "30.0 fl oz�",
   "image": "https://d2lnr5mha7bycj.cloudfront.net/product-image/file/large_f1312457-aa64-4bae-b1ca-c83fb95d0752.jpg",
   "Image 2": "",
   "Product Link": "https://www.instacart.com/store/items/44280041?source1=aisle&source2=3646&source3=3646&impressionId=9c7df89a-a6fb-4045-aa5e-012a37c6c81e",
   "FIELD9": ""
 },
 {
   "category": "Personal Care",
   "subcategory": "Oils & Tinctures",
   "name": "365 Organic Unfiltered High Lignan Flax Oil",
   "price": "8.99",
   "description": "8 fl oz�",
   "image": "https://d2lnr5mha7bycj.cloudfront.net/product-image/file/large_84b4ba00-01b0-41a6-a3a8-22f6c440d286.jpg",
   "Image 2": "",
   "Product Link": "https://www.instacart.com/store/items/4567490?source1=aisle&source2=23999&source3=23999&impressionId=971a8e1d-8cf8-482e-95c8-5868676ac1b1",
   "FIELD9": ""
 },
 {
   "category": "Personal Care",
   "subcategory": "Oils & Tinctures",
   "name": "365 Fish Oil 1000 mg",
   "price": "16.99",
   "description": "250 ct�",
   "image": "https://d2lnr5mha7bycj.cloudfront.net/product-image/file/large_78e22803-a595-4ce7-9c52-4cf01f75b235.jpg",
   "Image 2": "",
   "Product Link": "https://www.instacart.com/store/items/4469092?source1=aisle&source2=23999&source3=23999&impressionId=37b17752-084b-4982-8bec-21a0c8b2ddc7",
   "FIELD9": ""
 },
 {
   "category": "Personal Care",
   "subcategory": "Oils & Tinctures",
   "name": "365 Essential Oil 100% Pure Peppermint",
   "price": "12.99",
   "description": "2 fl oz�",
   "image": "https://d2lnr5mha7bycj.cloudfront.net/product-image/file/large_406e18da-c67f-44e2-816c-bac2899fe6a5.jpg",
   "Image 2": "",
   "Product Link": "https://www.instacart.com/store/items/4569044?source1=aisle&source2=23999&source3=23999&impressionId=4aebc46f-f5ef-406e-a665-5111dccb8d8b",
   "FIELD9": ""
 },
 {
   "category": "Personal Care",
   "subcategory": "Oils & Tinctures",
   "name": "Brand 365 Essential Oil Lavender",
   "price": "24.99",
   "description": "2 oz�",
   "image": "https://d2lnr5mha7bycj.cloudfront.net/product-image/file/large_f5df0ce8-9a01-4eee-856f-db0674d9b70a.jpg",
   "Image 2": "",
   "Product Link": "https://www.instacart.com/store/items/4569139?source1=aisle&source2=23999&source3=23999&impressionId=849c6f60-5764-4491-926f-8a5b5fa2213d",
   "FIELD9": ""
 },
 {
   "category": "Personal Care",
   "subcategory": "Oils & Tinctures",
   "name": "365 Unfiltered High Lignan Flax Oil",
   "price": "14.99",
   "description": "16 fl oz�",
   "image": "https://d2lnr5mha7bycj.cloudfront.net/product-image/file/large_226692ab-10ec-467c-b3fb-b67e9763cd4c.jpg",
   "Image 2": "",
   "Product Link": "https://www.instacart.com/store/items/4567395?source1=aisle&source2=23999&source3=23999&impressionId=29f92ee3-e136-4993-a824-5563a49cef3c",
   "FIELD9": ""
 },
 {
   "category": "Personal Care",
   "subcategory": "Oils & Tinctures",
   "name": "Barlean's Flax Oil",
   "price": "13.99",
   "description": "8 oz�",
   "image": "https://d2lnr5mha7bycj.cloudfront.net/product-image/file/large_67f3bfaa-6429-42d0-a23f-54dcf905cca8.jpg",
   "Image 2": "",
   "Product Link": "https://www.instacart.com/store/items/4480112?source1=aisle&source2=23999&source3=23999&impressionId=60df94b1-f764-46b5-a701-7bc2eca3bb6f",
   "FIELD9": ""
 },
 {
   "category": "Personal Care",
   "subcategory": "Oils & Tinctures",
   "name": "Alba Botanica Hawaiian Sunscreen Clear Spray Coconut",
   "price": "14.99",
   "description": "6.0 fl oz�",
   "image": "https://d2lnr5mha7bycj.cloudfront.net/product-image/file/large_7d684ac0-2399-4cee-8cb8-152f92db59d9.jpg",
   "Image 2": "",
   "Product Link": "https://www.instacart.com/store/items/13237989?source1=aisle&source2=23999&source3=23999&impressionId=d812cbc1-c5fd-4e6d-8b71-169bb587eae4",
   "FIELD9": ""
 },
 {
   "category": "Personal Care",
   "subcategory": "Oils & Tinctures",
   "name": "Jason Vitamin E 5,000 I.U. Skin Oil",
   "price": "8.99",
   "description": "4.0 fl oz�",
   "image": "https://d2lnr5mha7bycj.cloudfront.net/product-image/file/large_adb7b3e3-a926-404e-8004-5a0501ae6b16.jpg",
   "Image 2": "",
   "Product Link": "https://www.instacart.com/store/items/4458685?source1=aisle&source2=23999&source3=23999&impressionId=3f96a0f2-5a26-4718-a664-a8e25cb759df",
   "FIELD9": ""
 },
 {
   "category": "Personal Care",
   "subcategory": "Oils & Tinctures",
   "name": "Tom's of Maine Daily Moisture with Olive Oil & Vitamin E Beauty Bar",
   "price": "3.29",
   "description": "4 oz�",
   "image": "https://d2lnr5mha7bycj.cloudfront.net/product-image/file/large_5fb324d4-ae3f-456f-b3ce-41a9232cfb87.JPG",
   "Image 2": "",
   "Product Link": "https://www.instacart.com/store/items/4550323?source1=aisle&source2=23999&source3=23999&impressionId=bbbcc280-bbc3-44d8-8d09-e6618ae2ac41",
   "FIELD9": ""
 },
 {
   "category": "Personal Care",
   "subcategory": "Oils & Tinctures",
   "name": "Aura Cacia Organic Castor Oil Skin Care",
   "price": "5.49",
   "description": "4 fl oz�",
   "image": "https://d2lnr5mha7bycj.cloudfront.net/product-image/file/large_85392600-ee4d-478e-a56b-80e14dbd7f01.jpg",
   "Image 2": "",
   "Product Link": "https://www.instacart.com/store/items/32427832?source1=aisle&source2=23999&source3=23999&impressionId=4629eed1-abf5-40ba-91d6-070c0bfa73cc",
   "FIELD9": ""
 },
 {
   "category": "Personal Care",
   "subcategory": "Oils & Tinctures",
   "name": "Aura Cacia Lavender Oil",
   "price": "14.99",
   "description": "0.25 fl oz�",
   "image": "https://d2lnr5mha7bycj.cloudfront.net/product-image/file/large_69835e82-f5a5-4f3e-a128-e48da521b9b0.jpg",
   "Image 2": "",
   "Product Link": "https://www.instacart.com/store/items/4483904?source1=aisle&source2=23999&source3=23999&impressionId=88fa0ed2-3c01-4d56-8dce-3d7b2ce78828",
   "FIELD9": ""
 },
 {
   "category": "Personal Care",
   "subcategory": "Oils & Tinctures",
   "name": "365 Flaxseed Oil 1000mg",
   "price": "7.99",
   "description": "90 capsules�",
   "image": "https://d2lnr5mha7bycj.cloudfront.net/product-image/file/large_08a2ad4a-b8b7-436d-83d3-b97a5213d3f2.jpg",
   "Image 2": "",
   "Product Link": "https://www.instacart.com/store/items/4470331?source1=aisle&source2=23999&source3=23999&impressionId=deb5ee88-efeb-448a-ac0d-0ca10a124548",
   "FIELD9": ""
 },
 {
   "category": "Personal Care",
   "subcategory": "Oils & Tinctures",
   "name": "Kiss My Face Soap Bar Pure Olive Oil Fragrance Free",
   "price": "3.99",
   "description": "8 oz�",
   "image": "https://d2lnr5mha7bycj.cloudfront.net/product-image/file/large_57531044-91f0-48f0-8fe7-7fe00c64bdef.jpg",
   "Image 2": "",
   "Product Link": "https://www.instacart.com/store/items/4483762?source1=aisle&source2=23999&source3=23999&impressionId=1d10f477-64a0-4ced-99d5-06014debf99c",
   "FIELD9": ""
 },
 {
   "category": "Personal Care",
   "subcategory": "Oils & Tinctures",
   "name": "Barlean's Cold Pressed Flax Oil",
   "price": "24.99",
   "description": "16 fl oz�",
   "image": "https://d2lnr5mha7bycj.cloudfront.net/product-image/file/large_86fccb11-ec3d-4800-ad9c-e6f05ec774c4.jpg",
   "Image 2": "",
   "Product Link": "https://www.instacart.com/store/items/4479696?source1=aisle&source2=23999&source3=23999&impressionId=d91953ea-cade-4811-9f23-95b753bddaf0",
   "FIELD9": ""
 },
 {
   "category": "Personal Care",
   "subcategory": "Oils & Tinctures",
   "name": "Carlson Labs Lemon Fish Oil",
   "price": "27.99",
   "description": "6.7 oz�",
   "image": "https://d2lnr5mha7bycj.cloudfront.net/product-image/file/large_028f1785-015b-41ac-81ff-0cd14fcf4016.jpg",
   "Image 2": "",
   "Product Link": "https://www.instacart.com/store/items/4475058?source1=aisle&source2=23999&source3=23999&impressionId=256f9f1a-f02d-43b1-9bb2-bfe237d92703",
   "FIELD9": ""
 },
 {
   "category": "Personal Care",
   "subcategory": "Oils & Tinctures",
   "name": "Jason Vitamin E Skin Oil",
   "price": "12.99",
   "description": "1.0 fl oz",
   "image": "https://d2lnr5mha7bycj.cloudfront.net/product-image/file/large_03cf847b-4db9-47af-b4e8-8b8d5d715d96.jpg",
   "Image 2": "",
   "Product Link": "https://www.instacart.com/store/items/4460058?source1=aisle&source2=23999&source3=23999&impressionId=6d37a07a-c598-4662-9a74-2c8bab28a16c",
   "FIELD9": ""
 },
 {
   "category": "Personal Care",
   "subcategory": "Oils & Tinctures",
   "name": "Carlson Labs Cod Liver Oil Lemon Flavor",
   "price": "32.99",
   "description": "8.4 oz�",
   "image": "https://d2lnr5mha7bycj.cloudfront.net/product-image/file/large_29328575-15c3-4e2c-83a5-a59cd65ff9ac.jpg",
   "Image 2": "",
   "Product Link": "https://www.instacart.com/store/items/4475447?source1=aisle&source2=23999&source3=23999&impressionId=1f451ebb-f2ba-4869-85d1-22900767a693",
   "FIELD9": ""
 },
 {
   "category": "Personal Care",
   "subcategory": "Oils & Tinctures",
   "name": "Valentina's Home Brewed Sweet Dreams Magickal Mineral Bath Salt Jasmine,Sandalwood & Vanilla",
   "price": "3.49",
   "description": "2.5 oz�",
   "image": "https://d2lnr5mha7bycj.cloudfront.net/product-image/file/large_b5c8d758-5439-42aa-8339-1b423ae938b0.jpg",
   "Image 2": "",
   "Product Link": "https://www.instacart.com/store/items/32427828?source1=aisle&source2=23999&source3=23999&impressionId=5652670d-e5ee-4add-bb99-78439170322f",
   "FIELD9": ""
 },
 {
   "category": "Personal Care",
   "subcategory": "Oils & Tinctures",
   "name": "Aura Cacia Grapefruit Essential Oil",
   "price": "9.99",
   "description": "0.5 fl oz�",
   "image": "https://d2lnr5mha7bycj.cloudfront.net/product-image/file/large_586b564a-d687-412e-8057-85601e94aa65.jpg",
   "Image 2": "",
   "Product Link": "https://www.instacart.com/store/items/4482962?source1=aisle&source2=23999&source3=23999&impressionId=c0e59e0c-b394-4b57-aa39-2b1a520809af",
   "FIELD9": ""
 },
 {
   "category": "Personal Care",
   "subcategory": "Oils & Tinctures",
   "name": "The Honest Company Organic Body Oil",
   "price": "10.49",
   "description": "4.0 fl oz�",
   "image": "https://d2lnr5mha7bycj.cloudfront.net/product-image/file/large_7406744d-fe6e-41bd-8dfd-c6c56f0ab055.jpg",
   "Image 2": "",
   "Product Link": "https://www.instacart.com/store/items/4491646?source1=aisle&source2=23999&source3=23999&impressionId=8b6a7ba1-3df8-46ac-a318-44031d977649",
   "FIELD9": ""
 },
 {
   "category": "Babies",
   "subcategory": "Baby Accessories",
   "name": "i play Green Sprouts Silicone Finger Toothbrush Stage 2 3",
   "price": "4.99",
   "description": "1 toothbrush�",
   "image": "https://d2lnr5mha7bycj.cloudfront.net/product-image/file/large_2fd72425-1762-420a-9aa7-d0ea960f10b8.jpg",
   "Image 2": "",
   "Product Link": "https://www.instacart.com/store/items/4554442?source1=aisle&source2=2251&source3=2251&impressionId=9d9df44b-b2ce-41ad-9dc3-04db37f6d3aa",
   "FIELD9": ""
 },
 {
   "category": "Babies",
   "subcategory": "Baby Accessories",
   "name": "Green Sprouts by iPlay Teether Cool Fruit Berry 3+ Months",
   "price": "5.49",
   "description": "",
   "image": "https://d2lnr5mha7bycj.cloudfront.net/product-image/file/large_cdfb095f-af90-4081-9d25-c6ff45a96a73.jpg",
   "Image 2": "",
   "Product Link": "https://www.instacart.com/store/items/4560996?source1=aisle&source2=2251&source3=2251&impressionId=6b849a5b-7875-4794-a456-93a862eeb560",
   "FIELD9": ""
 },
 {
   "category": "Babies",
   "subcategory": "Baby Accessories",
   "name": "The Honest Company Bug Spray",
   "price": "17.49",
   "description": "4 oz�",
   "image": "https://d2lnr5mha7bycj.cloudfront.net/product-image/file/large_82d20921-f44c-4c52-9e77-c6b41d15a360.jpg",
   "Image 2": "",
   "Product Link": "https://www.instacart.com/store/items/4492120?source1=aisle&source2=2251&source3=2251&impressionId=003dde90-b19d-4ec0-81cb-5706d744889a",
   "FIELD9": ""
 },
 {
   "category": "Babies",
   "subcategory": "Baby Accessories",
   "name": "Green Sprouts by iPlay Non Spill Sippy Cup Pink",
   "price": "9.99",
   "description": "1 ct�",
   "image": "https://d2lnr5mha7bycj.cloudfront.net/product-image/file/large_4ad99574-fa09-4d9c-b0c9-fa33c12c618c.jpg",
   "Image 2": "",
   "Product Link": "https://www.instacart.com/store/items/4524272?source1=aisle&source2=2251&source3=2251&impressionId=11a3b90c-5cfa-4339-9384-93a1996737f2",
   "FIELD9": ""
 },
 {
   "category": "Babies",
   "subcategory": "Baby Accessories",
   "name": "Green Sprouts by iPlay Baby Nail Clipper",
   "price": "4.99",
   "description": "1 ct�",
   "image": "https://d2lnr5mha7bycj.cloudfront.net/product-image/file/large_fbafaad2-564e-42e7-97c9-904b18761101.jpg",
   "Image 2": "",
   "Product Link": "https://www.instacart.com/store/items/4554792?source1=aisle&source2=2251&source3=2251&impressionId=76807035-21e4-4e95-ae6c-c5002bcb0e00",
   "FIELD9": ""
 },
 {
   "category": "Babies",
   "subcategory": "Baby Accessories",
   "name": "Green Sprouts by iPlay Teething Keys",
   "price": "10.99",
   "description": "1 ct�",
   "image": "https://d2lnr5mha7bycj.cloudfront.net/product-image/file/large_46c95b61-e01d-4f36-9b40-e22940952503.jpg",
   "Image 2": "",
   "Product Link": "https://www.instacart.com/store/items/4524323?source1=aisle&source2=2251&source3=2251&impressionId=0afb9ee8-f41c-43ec-85a3-ccbe29e4d84f",
   "FIELD9": ""
 },
 {
   "category": "Babies",
   "subcategory": "Baby Accessories",
   "name": "Green Sprouts by iPlay Aqua Bottle 6+ Months",
   "price": "9.99",
   "description": "10 oz�",
   "image": "https://d2lnr5mha7bycj.cloudfront.net/product-image/file/large_6e0b3405-6a3d-4a7d-bb6a-bfb8fa34d093.jpg",
   "Image 2": "",
   "Product Link": "https://www.instacart.com/store/items/4523455?source1=aisle&source2=2251&source3=2251&impressionId=a30e0986-b9c5-412e-9d29-fe29637b7a81",
   "FIELD9": ""
 },
 {
   "category": "Babies",
   "subcategory": "Baby Accessories",
   "name": "Eco Pacifier Nature's Nubbie 0-6 Month",
   "price": "8.99",
   "description": "1 ct�",
   "image": "https://d2lnr5mha7bycj.cloudfront.net/product-image/file/large_0a82bc26-fd5e-4b24-8c9e-29500117e34e.jpg",
   "Image 2": "",
   "Product Link": "https://www.instacart.com/store/items/4559331?source1=aisle&source2=2251&source3=2251&impressionId=d2388be1-287b-4607-8bab-f1d727d364d8",
   "FIELD9": ""
 },
 {
   "category": "Babies",
   "subcategory": "Baby Accessories",
   "name": "Tweezerman Baby Nail Clipper With Bear File",
   "price": "5.99",
   "description": "1 set�",
   "image": "https://d2lnr5mha7bycj.cloudfront.net/product-image/file/large_7138aa81-b6d9-4529-a2cb-4cc8f17a3a9a.jpg",
   "Image 2": "",
   "Product Link": "https://www.instacart.com/store/items/4486373?source1=aisle&source2=2251&source3=2251&impressionId=60cfc600-87d1-4781-b1f7-63f8ee7a5454",
   "FIELD9": ""
 },
 {
   "category": "Babies",
   "subcategory": "Baby Accessories",
   "name": "Green Sprouts by iPlay Infinity Teether Rattle",
   "price": "10.99",
   "description": "1 ct�",
   "image": "https://d2lnr5mha7bycj.cloudfront.net/product-image/file/large_1b10d11f-5d60-49bd-8d06-3c2e794153bf.jpg",
   "Image 2": "",
   "Product Link": "https://www.instacart.com/store/items/4598373?source1=aisle&source2=2251&source3=2251&impressionId=88475594-21e3-42ae-b6b5-2d7536501e6f",
   "FIELD9": ""
 },
 {
   "category": "Babies",
   "subcategory": "Baby Accessories",
   "name": "Green Sprouts by iPlay Ring Cool Soothing Teether",
   "price": "5.49",
   "description": "",
   "image": "https://d2lnr5mha7bycj.cloudfront.net/product-image/file/large_54fd468f-67f1-46b1-9a52-74bd125f7a5c.jpg",
   "Image 2": "",
   "Product Link": "https://www.instacart.com/store/items/4594095?source1=aisle&source2=2251&source3=2251&impressionId=6c9b9acb-426b-410b-bdb9-7d96c4be64e5",
   "FIELD9": ""
 },
 {
   "category": "Babies",
   "subcategory": "Baby Accessories",
   "name": "Lifefactory Clear Silicone Nipples Stage 2",
   "price": "5.99",
   "description": "2 ct�",
   "image": "https://d2lnr5mha7bycj.cloudfront.net/product-image/file/large_00a4b478-4ba5-46c1-91e7-26a8af5b7964.jpg",
   "Image 2": "",
   "Product Link": "https://www.instacart.com/store/items/4557516?source1=aisle&source2=2251&source3=2251&impressionId=ef5d490f-dcdc-4f5d-9c03-72566b7fb3f8",
   "FIELD9": ""
 },
 {
   "category": "Babies",
   "subcategory": "Baby Accessories",
   "name": "Green Sprouts by iPlay Baby Food Storage Cubes",
   "price": "14.99",
   "description": "1�",
   "image": "https://d2lnr5mha7bycj.cloudfront.net/product-image/file/large_4b0330c0-a1ff-490f-ac41-6ac1173c05cb.jpg",
   "Image 2": "",
   "Product Link": "https://www.instacart.com/store/items/4555252?source1=aisle&source2=2251&source3=2251&impressionId=af6a007c-4ff9-42b3-ac92-97e523693e99",
   "FIELD9": ""
 },
 {
   "category": "Babies",
   "subcategory": "Baby Accessories",
   "name": "Ecopiggy Natural 0 6 Ortho Pacifier",
   "price": "22.99",
   "description": "3 each�",
   "image": "https://d2lnr5mha7bycj.cloudfront.net/product-image/file/large_8525f91c-a8ad-4c82-a0eb-63637c292c70.jpg",
   "Image 2": "",
   "Product Link": "https://www.instacart.com/store/items/4560547?source1=aisle&source2=2251&source3=2251&impressionId=6ef7c312-2b87-4327-8746-07485ab1b27a",
   "FIELD9": ""
 },
 {
   "category": "Babies",
   "subcategory": "Baby Accessories",
   "name": "Elemental Herbs All Good Goop Healing Balm",
   "price": "13.49",
   "description": "2 oz�",
   "image": "https://d2lnr5mha7bycj.cloudfront.net/product-image/file/large_a5c48026-53d3-4d5e-b6e9-e76a056dac63.jpg",
   "Image 2": "",
   "Product Link": "https://www.instacart.com/store/items/4565085?source1=aisle&source2=2251&source3=2251&impressionId=f2566d25-8676-4d1a-a2c0-a3b542fe53bb",
   "FIELD9": ""
 },
 {
   "category": "Babies",
   "subcategory": "Baby Accessories",
   "name": "Eco Pacifier Nature's Nubbie Pacifier",
   "price": "8.99",
   "description": "",
   "image": "https://d2lnr5mha7bycj.cloudfront.net/product-image/file/large_e9b98e06-4901-4aee-b8ee-cd8ba4031205.JPG",
   "Image 2": "",
   "Product Link": "https://www.instacart.com/store/items/4559614?source1=aisle&source2=2251&source3=2251&impressionId=9781ae63-7c85-4412-8dce-7d6437143721",
   "FIELD9": ""
 },
 {
   "category": "Babies",
   "subcategory": "Baby Accessories",
   "name": "Bakery Cheesecake New York Classic 9 In",
   "price": "37.99",
   "description": "59 each�",
   "image": "https://d2guulkeunn7d8.cloudfront.net/assets/missing-item-0ca47424f272dd3909349f67e9661183.png",
   "Image 2": "",
   "Product Link": "https://www.instacart.com/store/items/31748117?source1=aisle&source2=2251&source3=2251&impressionId=99c187dd-ca63-4b99-93fe-a526da2b4d63",
   "FIELD9": ""
 },
 {
   "category": "Babies",
   "subcategory": "Baby Accessories",
   "name": "Melissa & Doug Clicker Crab Sifter And Funnel",
   "price": "9.49",
   "description": "",
   "image": "https://d2guulkeunn7d8.cloudfront.net/assets/missing-item-0ca47424f272dd3909349f67e9661183.png",
   "Image 2": "",
   "Product Link": "https://www.instacart.com/store/items/4600108?source1=aisle&source2=2251&source3=2251&impressionId=3c8753e0-fd72-44fb-bf4e-4b919e0349c5",
   "FIELD9": ""
 },
 {
   "category": "Babies",
   "subcategory": "Baby Accessories",
   "name": "OXO Tot Roll Up Bib - Aqua",
   "price": "14.99",
   "description": "",
   "image": "https://d2lnr5mha7bycj.cloudfront.net/product-image/file/large_4ee5731b-3ee6-4440-8b41-40f43370b7ea.jpg",
   "Image 2": "",
   "Product Link": "https://www.instacart.com/store/items/32418649?source1=aisle&source2=2251&source3=2251&impressionId=c1ab7eba-8bc4-47d8-8d36-9e19ad95c810",
   "FIELD9": ""
 },
 {
   "category": "Babies",
   "subcategory": "Baby Accessories",
   "name": "Schylling Fisher Price Pull-A-Tune Xylophone",
   "price": "31.99",
   "description": "",
   "image": "https://d2guulkeunn7d8.cloudfront.net/assets/missing-item-0ca47424f272dd3909349f67e9661183.png",
   "Image 2": "",
   "Product Link": "https://www.instacart.com/store/items/4579204?source1=aisle&source2=2251&source3=2251&impressionId=30615e85-4c49-46b2-8c6e-beb11b8df3ed",
   "FIELD9": ""
 },
 {
   "category": "Babies",
   "subcategory": "Baby Bath & Body Care",
   "name": "Happy Baby/Family Pears, Squash & Blackberries Organic Baby Food",
   "price": "1.99",
   "description": "4 oz�",
   "image": "https://d2lnr5mha7bycj.cloudfront.net/product-image/file/large_5d4892a8-8c93-4f34-9e8d-c88ada45f9a3.JPG",
   "Image 2": "",
   "Product Link": "https://www.instacart.com/store/items/27437793?source1=aisle&source2=2250&source3=2250&impressionId=38576b8d-5c38-4803-9de6-f4e54e044e94",
   "FIELD9": ""
 },
 {
   "category": "Babies",
   "subcategory": "Baby Bath & Body Care",
   "name": "Whole Foods Market Unscented Baby Laundry Detergent 2 X Concentrated",
   "price": "8.99",
   "description": "50 fl oz�",
   "image": "https://d2lnr5mha7bycj.cloudfront.net/product-image/file/large_cd70db70-1609-402d-a478-2ac7306a807e.jpg",
   "Image 2": "",
   "Product Link": "https://www.instacart.com/store/items/29968254?source1=aisle&source2=2250&source3=2250&impressionId=c5dd6a96-4497-4096-bac5-7991907d7e73",
   "FIELD9": ""
 },
 {
   "category": "Babies",
   "subcategory": "Baby Bath & Body Care",
   "name": "Dr. Bronner's All-One! Dr. Bronner's 18-In-1 Hemp Baby Unscented Pure-Castile Soap",
   "price": "17.99",
   "description": "32.0 fl oz�",
   "image": "https://d2lnr5mha7bycj.cloudfront.net/product-image/file/large_27898443-bf3e-4547-8919-7c9ec4b44005.jpg",
   "Image 2": "",
   "Product Link": "https://www.instacart.com/store/items/4486109?source1=aisle&source2=2250&source3=2250&impressionId=9a374bd9-1d11-48e6-aa72-aa7f64a0d740",
   "FIELD9": ""
 },
 {
   "category": "Babies",
   "subcategory": "Baby Bath & Body Care",
   "name": "Radius Totz Toothbrush Extra Soft 18+ Months",
   "price": "3.99",
   "description": "1 ct�",
   "image": "https://d2lnr5mha7bycj.cloudfront.net/product-image/file/large_d99c3780-156d-4eec-a5d8-4eb52a83a2ef.jpg",
   "Image 2": "",
   "Product Link": "https://www.instacart.com/store/items/4567629?source1=aisle&source2=2250&source3=2250&impressionId=2ec8fe21-af19-4862-8513-ce06d04d6b00",
   "FIELD9": ""
 },
 {
   "category": "Babies",
   "subcategory": "Baby Bath & Body Care",
   "name": "365 Baby Shampoo",
   "price": "5.99",
   "description": "12 fl oz�",
   "image": "https://d2lnr5mha7bycj.cloudfront.net/product-image/file/large_7f193767-3c1b-40cf-b7ff-efb26924adbc.jpg",
   "Image 2": "",
   "Product Link": "https://www.instacart.com/store/items/18388381?source1=aisle&source2=2250&source3=2250&impressionId=ac5c0cd1-3e82-48bf-b0e3-e94f2033caa5",
   "FIELD9": ""
 },
 {
   "category": "Babies",
   "subcategory": "Baby Bath & Body Care",
   "name": "Dr. Bronner's All-One! Dr. Bronner's All-One Hemp Baby Unscented Pure-Castile Bar Soap",
   "price": "4.59",
   "description": "5.0 oz�",
   "image": "https://d2lnr5mha7bycj.cloudfront.net/product-image/file/large_8a9c0f2e-d5ed-4fd9-aa81-d06327c36d82.jpg",
   "Image 2": "",
   "Product Link": "https://www.instacart.com/store/items/4485382?source1=aisle&source2=2250&source3=2250&impressionId=9c56a60b-4227-41d2-b4ba-4d48760b9770",
   "FIELD9": ""
 },
 {
   "category": "Babies",
   "subcategory": "Baby Bath & Body Care",
   "name": "Alaffia Everyday Shea Lavender Bubble Bath",
   "price": "10.99",
   "description": "`",
   "image": "https://d2lnr5mha7bycj.cloudfront.net/product-image/file/large_5b3671a6-27cc-484a-b582-bd1481fa6f5b.jpg",
   "Image 2": "`",
   "Product Link": "https://www.instacart.com/store/items/4555384?source1=aisle&source2=2250&source3=2250&impressionId=65bf1385-171b-4e68-8c1f-106da495fe84",
   "FIELD9": ""
 },
 {
   "category": "Babies",
   "subcategory": "Baby Bath & Body Care",
   "name": "Everyone Lavender Lullaby Gentle Cleansing Kid's Soap",
   "price": "10.99",
   "description": "32 fl oz�",
   "image": "https://d2lnr5mha7bycj.cloudfront.net/product-image/file/large_c5894b5d-cdb3-4c17-b43b-aa6b084d1657.jpg",
   "Image 2": "",
   "Product Link": "https://www.instacart.com/store/items/4561076?source1=aisle&source2=2250&source3=2250&impressionId=8e0a57e4-506a-436b-a32b-5fce4a33dfc4",
   "FIELD9": ""
 },
 {
   "category": "Babies",
   "subcategory": "Baby Bath & Body Care",
   "name": "Weleda Calendula Baby Diaper Care",
   "price": "13.99",
   "description": "2.8 oz�",
   "image": "https://d2lnr5mha7bycj.cloudfront.net/product-image/file/large_5ac8f3d0-4ac7-4f8b-8e56-954e097320a4.jpg",
   "Image 2": "",
   "Product Link": "https://www.instacart.com/store/items/4570036?source1=aisle&source2=2250&source3=2250&impressionId=240e6f86-302a-4033-9792-d31abd94b472",
   "FIELD9": ""
 },
 {
   "category": "Babies",
   "subcategory": "Baby Bath & Body Care",
   "name": "Burt's Bees Baby Bee Tear Free Shampoo & Wash",
   "price": "9.99",
   "description": "12 fl oz�",
   "image": "https://d2lnr5mha7bycj.cloudfront.net/product-image/file/large_c5fdfa9e-cd2a-4dca-84b0-ed9ab2ef043b.jpg",
   "Image 2": "",
   "Product Link": "https://www.instacart.com/store/items/4554570?source1=aisle&source2=2250&source3=2250&impressionId=9c18c6ca-a2f4-4377-8881-7cb2f5a3b5fb",
   "FIELD9": ""
 },
 {
   "category": "Babies",
   "subcategory": "Baby Bath & Body Care",
   "name": "California Baby Super Sensitive Shampoo & Bodywash",
   "price": "15.99",
   "description": "8.5 fl oz�",
   "image": "https://d2lnr5mha7bycj.cloudfront.net/product-image/file/large_ad474027-e26d-4f8b-8bc3-aed371ecc486.jpg",
   "Image 2": "",
   "Product Link": "https://www.instacart.com/store/items/4546960?source1=aisle&source2=2250&source3=2250&impressionId=8c17479a-545f-4463-a6d0-605f8113f678",
   "FIELD9": ""
 },
 {
   "category": "Babies",
   "subcategory": "Baby Bath & Body Care",
   "name": "Everyday Shea Eucalyptus Mint Bubble Bath",
   "price": "10.99",
   "description": "32 fl oz�",
   "image": "https://d2lnr5mha7bycj.cloudfront.net/product-image/file/large_11bd3124-85a9-4bca-8c68-3e700baa000a.jpg",
   "Image 2": "",
   "Product Link": "https://www.instacart.com/store/items/4554853?source1=aisle&source2=2250&source3=2250&impressionId=fa02e8b5-4676-4c52-9ee1-e5665a9a1b42",
   "FIELD9": ""
 },
 {
   "category": "Babies",
   "subcategory": "Baby Bath & Body Care",
   "name": "Alba Botanica Very Emollient Sunscreen Kids SPF 45",
   "price": "10.99",
   "description": "4.0 oz�",
   "image": "https://d2lnr5mha7bycj.cloudfront.net/product-image/file/large_bd809a58-d04f-4966-8947-cc1a9d399679.jpg",
   "Image 2": "",
   "Product Link": "https://www.instacart.com/store/items/4466495?source1=aisle&source2=2250&source3=2250&impressionId=8a8c675f-2fb7-4005-9353-406881f470c0",
   "FIELD9": ""
 },
 {
   "category": "Babies",
   "subcategory": "Baby Bath & Body Care",
   "name": "Badger Spf 30 Baby Sunscreen Cream",
   "price": "15.99",
   "description": "2.9 oz�",
   "image": "https://d2lnr5mha7bycj.cloudfront.net/product-image/file/large_5a1af944-bf84-4cbf-a9bd-449f8d9da8fc.jpg",
   "Image 2": "",
   "Product Link": "https://www.instacart.com/store/items/4550311?source1=aisle&source2=2250&source3=2250&impressionId=4ab94a5d-fd37-4cb4-bc32-db2f24dcf35c",
   "FIELD9": ""
 },
 {
   "category": "Babies",
   "subcategory": "Baby Bath & Body Care",
   "name": "Everyday Coconut Bubble Bath Gentle for Babies & Up Coconut Strawberry",
   "price": "11.99",
   "description": "32 fl oz�",
   "image": "https://d2lnr5mha7bycj.cloudfront.net/product-image/file/large_525974a0-5854-4bd1-8ab2-9bf25fa0a585.jpg",
   "Image 2": "",
   "Product Link": "https://www.instacart.com/store/items/24954985?source1=aisle&source2=2250&source3=2250&impressionId=88306a61-8eb1-4d54-a480-e623e357f8e0",
   "FIELD9": ""
 },
 {
   "category": "Babies",
   "subcategory": "Baby Bath & Body Care",
   "name": "Alba Botanica Un-Petroleum Jelly",
   "price": "5.99",
   "description": "3.5 oz�",
   "image": "https://d2lnr5mha7bycj.cloudfront.net/product-image/file/large_a7a8b7cc-d2ff-4509-8fc9-e39822c5c767.jpg",
   "Image 2": "",
   "Product Link": "https://www.instacart.com/store/items/4476148?source1=aisle&source2=2250&source3=2250&impressionId=70260967-b6f1-4eaf-aa47-2e2ffc561fea",
   "FIELD9": ""
 },
 {
   "category": "Babies",
   "subcategory": "Baby Bath & Body Care",
   "name": "365 Baby Lotion",
   "price": "5.99",
   "description": "12 fl oz�",
   "image": "https://d2lnr5mha7bycj.cloudfront.net/product-image/file/large_d2d52386-78c6-4111-b293-511497a6d74c.jpg",
   "Image 2": "",
   "Product Link": "https://www.instacart.com/store/items/18326384?source1=aisle&source2=2250&source3=2250&impressionId=74b6b14f-71d7-4154-80c4-3fd546e503fb",
   "FIELD9": ""
 },
 {
   "category": "Babies",
   "subcategory": "Baby Bath & Body Care",
   "name": "California Baby Calming Bubble Bath",
   "price": "20.99",
   "description": "13 fl oz�",
   "image": "https://d2lnr5mha7bycj.cloudfront.net/product-image/file/large_34bb0c27-6c53-432c-a748-67ebd3a14baf.jpg",
   "Image 2": "",
   "Product Link": "https://www.instacart.com/store/items/4547656?source1=aisle&source2=2250&source3=2250&impressionId=c5020891-4746-4e38-b3ac-a3f68c37dc5f",
   "FIELD9": ""
 },
 {
   "category": "Babies",
   "subcategory": "Baby Bath & Body Care",
   "name": "Dr. Bronner's Organic Unscented Baby-Mild Pure Castile Liquid Soap",
   "price": "3.49",
   "description": "2 fl oz�",
   "image": "https://d2lnr5mha7bycj.cloudfront.net/product-image/file/large_d2361a05-9552-425f-bb5d-5e695a4a0912.jpg",
   "Image 2": "",
   "Product Link": "https://www.instacart.com/store/items/4486226?source1=aisle&source2=2250&source3=2250&impressionId=b86f61c2-bbca-474c-ba04-90e71fe8cdfe",
   "FIELD9": ""
 },
 {
   "category": "Babies",
   "subcategory": "Baby Bath & Body Care",
   "name": "Burt's Bees Baby Bee Dusting Powder",
   "price": "6.99",
   "description": "4.5 oz�",
   "image": "https://d2lnr5mha7bycj.cloudfront.net/product-image/file/large_a8d65d1a-a737-47c7-a833-03a6dea24902.jpg",
   "Image 2": "",
   "Product Link": "https://www.instacart.com/store/items/4561218?source1=aisle&source2=2250&source3=2250&impressionId=1c6ffe9a-5382-4dea-a35f-8e54e59d6b1d",
   "FIELD9": ""
 },
 {
   "category": "Babies",
   "subcategory": "Baby Food & Formula",
   "name": "GoGo Squeez Organic Applesauce On The Go Apple Apple - 4 CT",
   "price": "4.39",
   "description": "4 x 3.2 oz�",
   "image": "https://d2lnr5mha7bycj.cloudfront.net/product-image/file/large_81d6496b-e3bc-4a62-b9e6-cceeb0dab283.jpg",
   "Image 2": "",
   "Product Link": "https://www.instacart.com/store/items/4540333?source1=aisle&source2=562&source3=562&impressionId=4589e215-e449-4705-ad16-ccbc4b2e8400",
   "FIELD9": ""
 },
 {
   "category": "Babies",
   "subcategory": "Baby Food & Formula",
   "name": "Dr. Praeger's Kids Broc Star! Broccoli Littles",
   "price": "4.98",
   "description": "10.0 oz�",
   "image": "https://d2lnr5mha7bycj.cloudfront.net/product-image/file/large_7d1ae06f-e8d5-4983-9ad1-ed74199d4541.jpg",
   "Image 2": "",
   "Product Link": "https://www.instacart.com/store/items/4569308?source1=aisle&source2=562&source3=562&impressionId=02422516-3632-4dfd-82d7-e9daf7a886fd",
   "FIELD9": ""
 },
 {
   "category": "Babies",
   "subcategory": "Baby Food & Formula",
   "name": "Plum Organics Stage 2 Pear, Purple Carrot & Blueberry Baby Food",
   "price": "1.59",
   "description": "4 oz�",
   "image": "https://d2lnr5mha7bycj.cloudfront.net/product-image/file/large_3dc0e6f2-aff4-488d-9deb-9a5a4da116f0.jpg",
   "Image 2": "",
   "Product Link": "https://www.instacart.com/store/items/4525640?source1=aisle&source2=562&source3=562&impressionId=67f75381-a255-48e7-8a61-edfb4725ed17",
   "FIELD9": ""
 },
 {
   "category": "Babies",
   "subcategory": "Baby Food & Formula",
   "name": "Plum Baby Stage 2 Pear Spinach & Pea Baby Food",
   "price": "1.59",
   "description": "4 oz�",
   "image": "https://d2lnr5mha7bycj.cloudfront.net/product-image/file/large_0b686210-d904-4fea-82c6-ac6616329158.jpg",
   "Image 2": "",
   "Product Link": "https://www.instacart.com/store/items/4528158?source1=aisle&source2=562&source3=562&impressionId=d99a75cd-03d6-45f2-846e-12b0d57ef8a7",
   "FIELD9": ""
 },
 {
   "category": "Babies",
   "subcategory": "Baby Food & Formula",
   "name": "Plum Organics Broccoli & Apple Stage 2 Baby Food",
   "price": "1.59",
   "description": "4 oz�",
   "image": "https://d2lnr5mha7bycj.cloudfront.net/product-image/file/large_290d61e0-b638-4b75-9061-49c140272ec8.jpg",
   "Image 2": "",
   "Product Link": "https://www.instacart.com/store/items/4497454?source1=aisle&source2=562&source3=562&impressionId=6eed29be-3420-4436-a9a1-a369985405d4",
   "FIELD9": ""
 },
 {
   "category": "Babies",
   "subcategory": "Baby Food & Formula",
   "name": "Plum Organics Peach, Banana & Apricot Organic Baby Food",
   "price": "1.59",
   "description": "4 oz�",
   "image": "https://d2lnr5mha7bycj.cloudfront.net/product-image/file/large_f57fcd19-16fb-4ce5-9b8c-8b9d2dbee467.jpg",
   "Image 2": "",
   "Product Link": "https://www.instacart.com/store/items/4527530?source1=aisle&source2=562&source3=562&impressionId=bfa8b2cd-76de-4a00-bba0-acc8b038bfc2",
   "FIELD9": ""
 },
 {
   "category": "Babies",
   "subcategory": "Baby Food & Formula",
   "name": "Ella's Kitchen Stage 1 Sweet Potatoes, Pumpkins, Apples, Blueberries Baby Food",
   "price": "1.59",
   "description": "3.5 oz�",
   "image": "https://d2lnr5mha7bycj.cloudfront.net/product-image/file/large_9bf970f6-6c3b-431c-baeb-d6095e5bf842.jpg",
   "Image 2": "",
   "Product Link": "https://www.instacart.com/store/items/4521173?source1=aisle&source2=562&source3=562&impressionId=b03f3fd1-f893-470c-8ec4-e2678657d9dc",
   "FIELD9": ""
 },
 {
   "category": "Babies",
   "subcategory": "Baby Food & Formula",
   "name": "Happy Baby/Family Mixed Berry Organic Yogurt & Fruit Snacks",
   "price": "3.99",
   "description": "1 oz�",
   "image": "https://d2lnr5mha7bycj.cloudfront.net/product-image/file/large_3f9648d5-89f0-488a-9e9f-d635f25a0d71.JPG",
   "Image 2": "",
   "Product Link": "https://www.instacart.com/store/items/4541066?source1=aisle&source2=562&source3=562&impressionId=b3d8cc9f-8362-4989-931c-1d539ce2167c",
   "FIELD9": ""
 },
 {
   "category": "Babies",
   "subcategory": "Baby Food & Formula",
   "name": "Earth's Best Organic Whole Grain Oatmeal Cereal",
   "price": "3.99",
   "description": "8 oz�",
   "image": "https://d2lnr5mha7bycj.cloudfront.net/product-image/file/large_c076a731-bacb-40af-a4c5-fc4eb5d5b998.jpg",
   "Image 2": "",
   "Product Link": "https://www.instacart.com/store/items/4473489?source1=aisle&source2=562&source3=562&impressionId=3684311c-6b8a-48f5-84b1-96ae8a91d9a5",
   "FIELD9": ""
 },
 {
   "category": "Babies",
   "subcategory": "Baby Food & Formula",
   "name": "Happy Baby/Family Simple Combos Spinach, Mangos & Pears Organic Baby Food",
   "price": "1.49",
   "description": "4 oz�",
   "image": "https://d2lnr5mha7bycj.cloudfront.net/product-image/file/large_4087c34b-dfd2-4917-9d94-6186d175e1bc.JPG",
   "Image 2": "",
   "Product Link": "https://www.instacart.com/store/items/4526960?source1=aisle&source2=562&source3=562&impressionId=c2e9d1cf-b511-433d-9bbc-e07e2252b5c7",
   "FIELD9": ""
 },
 {
   "category": "Babies",
   "subcategory": "Baby Food & Formula",
   "name": "Happy Baby/Family Strawberry Organic Yogis Freeze-Dried Yogurt & Fruit Snacks",
   "price": "3.99",
   "description": "1 oz�",
   "image": "https://d2lnr5mha7bycj.cloudfront.net/product-image/file/large_4221f78a-c838-4457-9f8b-07f71393d82f.JPG",
   "Image 2": "",
   "Product Link": "https://www.instacart.com/store/items/4528990?source1=aisle&source2=562&source3=562&impressionId=279efe1e-18e1-4e52-be8f-9f5771f66681",
   "FIELD9": ""
 },
 {
   "category": "Babies",
   "subcategory": "Baby Food & Formula",
   "name": "Happy Baby/Family Kale & Spinach Superfood Puffs",
   "price": "3.49",
   "description": "2.1 oz�",
   "image": "https://d2lnr5mha7bycj.cloudfront.net/product-image/file/large_5f389bbd-0cba-43cd-bc2f-f7bbaae0dc5d.jpg",
   "Image 2": "",
   "Product Link": "https://www.instacart.com/store/items/4532388?source1=aisle&source2=562&source3=562&impressionId=53007749-660f-499a-8e4a-5da41ddcac4e",
   "FIELD9": ""
 },
 {
   "category": "Babies",
   "subcategory": "Baby Food & Formula",
   "name": "Happy Tot Organic Superfoods Pears, Peas & Green Beans Stage 4 Baby Food",
   "price": "1.69",
   "description": "8 x 4.22 oz�",
   "image": "https://d2lnr5mha7bycj.cloudfront.net/product-image/file/large_47a72e52-eda7-4b96-9646-789b8e095887.JPG",
   "Image 2": "",
   "Product Link": "https://www.instacart.com/store/items/4539614?source1=aisle&source2=562&source3=562&impressionId=2cd062cd-479f-4efa-9808-c43a4ae2220b",
   "FIELD9": ""
 },
 {
   "category": "Babies",
   "subcategory": "Baby Food & Formula",
   "name": "Ella's Kitchen Organic 4 Months Broccoli Pears + Peas",
   "price": "1.59",
   "description": "3.5 oz�",
   "image": "https://d2lnr5mha7bycj.cloudfront.net/product-image/file/large_f7f5f511-6f90-4a6a-96ac-70422e5edd2e.jpg",
   "Image 2": "",
   "Product Link": "https://www.instacart.com/store/items/4521352?source1=aisle&source2=562&source3=562&impressionId=0a1bd0c0-e275-4710-a818-e428f290d55f",
   "FIELD9": ""
 },
 {
   "category": "Babies",
   "subcategory": "Baby Food & Formula",
   "name": "Happy Tot Organic Superfoods Pears, Mangos & Spinach Baby Food",
   "price": "1.69",
   "description": "4.22 oz�",
   "image": "https://d2lnr5mha7bycj.cloudfront.net/product-image/file/large_a582834a-e23e-41e1-a796-a444ad5018d6.jpg",
   "Image 2": "",
   "Product Link": "https://www.instacart.com/store/items/4539169?source1=aisle&source2=562&source3=562&impressionId=5a9a4f00-13c1-4c98-b3aa-620a91236330",
   "FIELD9": ""
 },
 {
   "category": "Babies",
   "subcategory": "Baby Food & Formula",
   "name": "Plum Baby Banana & Pumpkin Organic Baby Food",
   "price": "1.59",
   "description": "4 oz�",
   "image": "https://d2lnr5mha7bycj.cloudfront.net/product-image/file/large_4398315a-efe9-488e-93b5-0fe6ed1a1cf6.jpg",
   "Image 2": "",
   "Product Link": "https://www.instacart.com/store/items/4495995?source1=aisle&source2=562&source3=562&impressionId=60c5849e-6ace-4806-80ee-78b806f40dbd",
   "FIELD9": ""
 },
 {
   "category": "Babies",
   "subcategory": "Baby Food & Formula",
   "name": "Ella's Kitchen Nibbly Fingers Apples & Strawberries Organic - 12+ Months",
   "price": "3.99",
   "description": "4.4 oz�",
   "image": "https://d2lnr5mha7bycj.cloudfront.net/product-image/file/large_0a93660b-c927-4b9b-b16f-c35c7a2bbbd1.jpg",
   "Image 2": "",
   "Product Link": "https://www.instacart.com/store/items/18818842?source1=aisle&source2=562&source3=562&impressionId=2f115526-f6a3-48fa-a809-c5f0940ab33d",
   "FIELD9": ""
 },
 {
   "category": "Babies",
   "subcategory": "Baby Food & Formula",
   "name": "Earth's Best Organic Stage 1 First Prunes Baby Food",
   "price": "1.09",
   "description": "2.5 oz�",
   "image": "https://d2lnr5mha7bycj.cloudfront.net/product-image/file/large_8694b311-230e-45d9-a99c-234d7907353e.jpg",
   "Image 2": "",
   "Product Link": "https://www.instacart.com/store/items/4542329?source1=aisle&source2=562&source3=562&impressionId=f8b00444-52bc-4195-8e65-d920032d31f7",
   "FIELD9": ""
 },
 {
   "category": "Babies",
   "subcategory": "Baby Food & Formula",
   "name": "Ella's Kitchen Organic 4 Months Butternut Squash, Carrots, Apples + Prunes",
   "price": "1.59",
   "description": "3.5 oz�",
   "image": "https://d2lnr5mha7bycj.cloudfront.net/product-image/file/large_de824f24-9914-4f27-ac5e-4ca1152b1a82.jpg",
   "Image 2": "",
   "Product Link": "https://www.instacart.com/store/items/23297234?source1=aisle&source2=562&source3=562&impressionId=cd6aed1a-fdb2-472a-88cf-f791f4bef6d6",
   "FIELD9": ""
 },
 {
   "category": "Babies",
   "subcategory": "Baby Food & Formula",
   "name": "Ella's Kitchen 1 From 4 Months Peaches + Bananas",
   "price": "1.59",
   "description": "3.5 oz�",
   "image": "https://d2lnr5mha7bycj.cloudfront.net/product-image/file/large_f0961895-58d2-4035-a3b2-cf6e9a6eb40a.jpg",
   "Image 2": "",
   "Product Link": "https://www.instacart.com/store/items/22421675?source1=aisle&source2=562&source3=562&impressionId=9c19091a-e370-4cac-a250-4bb9f688c2d3",
   "FIELD9": ""
 },
 {
   "category": "Babies",
   "subcategory": "Diapers & Wipes",
   "name": "Seventh Generation Free & Clear Fragrance Free Baby Wipes",
   "price": "3.99",
   "description": "64 ct�",
   "image": "https://d2lnr5mha7bycj.cloudfront.net/product-image/file/large_f20ac702-dc47-44d9-8e44-1b158387e799.jpg",
   "Image 2": "",
   "Product Link": "https://www.instacart.com/store/items/4490048?source1=aisle&source2=2249&source3=2249&impressionId=03ed3175-4a2b-4f95-8b82-c258b3f8596e",
   "FIELD9": ""
 },
 {
   "category": "Babies",
   "subcategory": "Diapers & Wipes",
   "name": "365 Chlorine Free Baby Wipes",
   "price": "2.99",
   "description": "80 ct�",
   "image": "https://d2lnr5mha7bycj.cloudfront.net/product-image/file/large_39ead0c0-e91a-4611-8253-2b29b3bcb9df.jpg",
   "Image 2": "",
   "Product Link": "https://www.instacart.com/store/items/13237478?source1=aisle&source2=2249&source3=2249&impressionId=e94794d2-d7af-487e-b49d-5090f19eb069",
   "FIELD9": ""
 },
 {
   "category": "Babies",
   "subcategory": "Diapers & Wipes",
   "name": "365 Baby Wipes",
   "price": "3.99",
   "description": "80 ct�",
   "image": "https://d2lnr5mha7bycj.cloudfront.net/product-image/file/large_7e74b0e1-b065-4b63-9a0e-b3f91a28d626.jpg",
   "Image 2": "",
   "Product Link": "https://www.instacart.com/store/items/24962357?source1=aisle&source2=2249&source3=2249&impressionId=d0d31a6c-a7b0-4bbf-8c19-32ccf170c490",
   "FIELD9": ""
 },
 {
   "category": "Babies",
   "subcategory": "Diapers & Wipes",
   "name": "365 Jumbo Baby Diapers Size 4",
   "price": "9.99",
   "description": "31 ct�",
   "image": "https://d2lnr5mha7bycj.cloudfront.net/product-image/file/large_0eda0a95-2935-4664-bafe-b78d90467868.jpg",
   "Image 2": "",
   "Product Link": "https://www.instacart.com/store/items/18256726?source1=aisle&source2=2249&source3=2249&impressionId=dfaccea3-b3d4-43c2-acd8-dc9b29acd67b",
   "FIELD9": ""
 },
 {
   "category": "Babies",
   "subcategory": "Diapers & Wipes",
   "name": "365 Travel Baby Wipe",
   "price": "1.99",
   "description": "30 ct�",
   "image": "https://d2lnr5mha7bycj.cloudfront.net/product-image/file/large_5b71c9b6-7047-4db1-be2c-8a8515088c7f.jpg",
   "Image 2": "",
   "Product Link": "https://www.instacart.com/store/items/25704934?source1=aisle&source2=2249&source3=2249&impressionId=70597c53-3e35-406d-8680-10864af99d87",
   "FIELD9": ""
 },
 {
   "category": "Babies",
   "subcategory": "Diapers & Wipes",
   "name": "365 Baby Wipes",
   "price": "15.99",
   "description": "6 x 80 ct�",
   "image": "https://d2lnr5mha7bycj.cloudfront.net/product-image/file/large_93c12a8e-cb3e-45c5-92e6-499da4f48eaa.jpg",
   "Image 2": "",
   "Product Link": "https://www.instacart.com/store/items/15099891?source1=aisle&source2=2249&source3=2249&impressionId=dd40a2a9-a8a1-40c9-a61f-4f7250b72fdc",
   "FIELD9": ""
 },
 {
   "category": "Babies",
   "subcategory": "Diapers & Wipes",
   "name": "365 Chlorine Free Diapers Size 5",
   "price": "9.99",
   "description": "27 ct�",
   "image": "https://d2lnr5mha7bycj.cloudfront.net/product-image/file/large_0b245fc2-085b-4e5a-b642-09a4aee8e915.jpg",
   "Image 2": "",
   "Product Link": "https://www.instacart.com/store/items/15026238?source1=aisle&source2=2249&source3=2249&impressionId=7fb46caa-dae4-4803-bb61-f5f3ce5bfa7a",
   "FIELD9": ""
 },
 {
   "category": "Babies",
   "subcategory": "Diapers & Wipes",
   "name": "365 Size 3 Diapers (16-28 Lb)",
   "price": "9.99",
   "description": "36 ct�",
   "image": "https://d2lnr5mha7bycj.cloudfront.net/product-image/file/large_19df37f9-a03d-4f04-8863-2e8166c112e2.jpg",
   "Image 2": "",
   "Product Link": "https://www.instacart.com/store/items/4538841?source1=aisle&source2=2249&source3=2249&impressionId=62f0e2d9-b720-4058-be3c-e612606608dd",
   "FIELD9": ""
 },
 {
   "category": "Babies",
   "subcategory": "Diapers & Wipes",
   "name": "365 Training Pants 2T- 3T",
   "price": "9.99",
   "description": "26 ct�",
   "image": "https://d2lnr5mha7bycj.cloudfront.net/product-image/file/large_b9ae21d6-5d18-4f8d-9cf4-b67d64eb930b.jpg",
   "Image 2": "",
   "Product Link": "https://www.instacart.com/store/items/16809923?source1=aisle&source2=2249&source3=2249&impressionId=3ad31db9-a19c-4f00-8ca5-58141dbded13",
   "FIELD9": ""
 },
 {
   "category": "Babies",
   "subcategory": "Diapers & Wipes",
   "name": "365 Jumbo Training Pants 4T-5T",
   "price": "9.99",
   "description": "19 ct�",
   "image": "https://d2lnr5mha7bycj.cloudfront.net/product-image/file/large_b530c7d5-8817-4cf1-9a17-8a4e1e8f8a0b.jpg",
   "Image 2": "",
   "Product Link": "https://www.instacart.com/store/items/12955478?source1=aisle&source2=2249&source3=2249&impressionId=51232a0b-52c5-44cc-8b4d-a75ea09b90f7",
   "FIELD9": ""
 },
 {
   "category": "Babies",
   "subcategory": "Diapers & Wipes",
   "name": "Seventh Generation Free & Clear Fragrance Free Wipes",
   "price": "2.99",
   "description": "30 ct�",
   "image": "https://d2lnr5mha7bycj.cloudfront.net/product-image/file/large_3b769340-2073-474a-a9cd-1dc4a3f5b352.JPG",
   "Image 2": "",
   "Product Link": "https://www.instacart.com/store/items/18678753?source1=aisle&source2=2249&source3=2249&impressionId=04381e7f-ee43-4a0a-868c-f9c55221c811",
   "FIELD9": ""
 },
 {
   "category": "Babies",
   "subcategory": "Diapers & Wipes",
   "name": "365 Size 6 Diapers (35+Lb)",
   "price": "9.99",
   "description": "23 ct�",
   "image": "https://d2lnr5mha7bycj.cloudfront.net/product-image/file/large_9ebb4302-e964-4021-aa4b-41e4a9bfb698.jpg",
   "Image 2": "",
   "Product Link": "https://www.instacart.com/store/items/4538689?source1=aisle&source2=2249&source3=2249&impressionId=98c74ee1-081f-4698-8061-1864be25b7a1",
   "FIELD9": ""
 },
 {
   "category": "Babies",
   "subcategory": "Diapers & Wipes",
   "name": "365 Training Pants 3T- 4T",
   "price": "9.99",
   "description": "23 ct�",
   "image": "https://d2lnr5mha7bycj.cloudfront.net/product-image/file/large_e92d0ab3-c1da-480b-b114-fb4dd4722c56.jpg",
   "Image 2": "",
   "Product Link": "https://www.instacart.com/store/items/13834835?source1=aisle&source2=2249&source3=2249&impressionId=1a942edc-527e-4ddf-b8f8-fdc753ce1753",
   "FIELD9": ""
 },
 {
   "category": "Babies",
   "subcategory": "Diapers & Wipes",
   "name": "Seventh Generation Baby Free & Clear Stage 4 (27-37 lb) Diapers",
   "price": "12.99",
   "description": "27 ct�",
   "image": "https://d2lnr5mha7bycj.cloudfront.net/product-image/file/large_411a3864-945f-4a65-a487-a969de884689.jpg",
   "Image 2": "",
   "Product Link": "https://www.instacart.com/store/items/4535629?source1=aisle&source2=2249&source3=2249&impressionId=27510bc2-afe0-415d-8cbe-c09f16643566",
   "FIELD9": ""
 },
 {
   "category": "Babies",
   "subcategory": "Diapers & Wipes",
   "name": "Seventh Generation Baby Free & Clear Stage 3 16-28 Lbs. Diapers",
   "price": "12.99",
   "description": "31 ct�",
   "image": "https://d2lnr5mha7bycj.cloudfront.net/product-image/file/large_ca5ed617-172e-430f-b398-b82440cb57b6.jpg",
   "Image 2": "",
   "Product Link": "https://www.instacart.com/store/items/4535929?source1=aisle&source2=2249&source3=2249&impressionId=a8c04773-3d3f-4040-8218-277003e539b1",
   "FIELD9": ""
 },
 {
   "category": "Babies",
   "subcategory": "Diapers & Wipes",
   "name": "Burt's Bees Chlorine Free Fragrance Free Wipes",
   "price": "5.99",
   "description": "72 ct�",
   "image": "https://d2lnr5mha7bycj.cloudfront.net/product-image/file/large_c7d781be-496d-41c4-b133-2bd8ee1d5f06.jpg",
   "Image 2": "",
   "Product Link": "https://www.instacart.com/store/items/4555164?source1=aisle&source2=2249&source3=2249&impressionId=ee94b0f6-d571-47c9-880f-46d67915451a",
   "FIELD9": ""
 },
 {
   "category": "Babies",
   "subcategory": "Diapers & Wipes",
   "name": "Seventh Generation Baby Free & Clear Stage 6 35+ Lbs. Diapers",
   "price": "12.99",
   "description": "20 ct�",
   "image": "https://d2lnr5mha7bycj.cloudfront.net/product-image/file/large_b9eed6d4-2322-4af7-954a-53901513592b.JPG",
   "Image 2": "",
   "Product Link": "https://www.instacart.com/store/items/4535147?source1=aisle&source2=2249&source3=2249&impressionId=2fea0a78-cff5-4e98-8c76-ccca2e6e9d3f",
   "FIELD9": ""
 },
 {
   "category": "Babies",
   "subcategory": "Diapers & Wipes",
   "name": "365 Baby Diapers Size 2",
   "price": "9.99",
   "description": "42 ct�",
   "image": "https://d2lnr5mha7bycj.cloudfront.net/product-image/file/large_6239ea7c-df9d-4972-899f-8e61615d5701.jpg",
   "Image 2": "",
   "Product Link": "https://www.instacart.com/store/items/18183323?source1=aisle&source2=2249&source3=2249&impressionId=d24758b5-15b7-4f16-8c8d-a7997a5e9074",
   "FIELD9": ""
 },
 {
   "category": "Babies",
   "subcategory": "Diapers & Wipes",
   "name": "Seventh Generation Free & Clear Stage 4 22-37 lbs Overnight Diapers",
   "price": "12.99",
   "description": "24 ct�",
   "image": "https://d2lnr5mha7bycj.cloudfront.net/product-image/file/large_460be50b-ac97-42f8-ae16-52ef57a58bf8.JPG",
   "Image 2": "",
   "Product Link": "https://www.instacart.com/store/items/4533794?source1=aisle&source2=2249&source3=2249&impressionId=7ad9d0b6-f511-416c-b7ef-78116506befd",
   "FIELD9": ""
 },
 {
   "category": "Babies",
   "subcategory": "Diapers & Wipes",
   "name": "The Honest Company Honest Diapers Size 6",
   "price": "15.99",
   "description": "22 ct�",
   "image": "https://d2lnr5mha7bycj.cloudfront.net/product-image/file/large_38d7ecd1-6782-42e2-9221-f636d5e3f808.jpg",
   "Image 2": "",
   "Product Link": "https://www.instacart.com/store/items/24946147?source1=aisle&source2=2249&source3=2249&impressionId=d566137d-0198-4cc5-a28a-11178426570f",
   "FIELD9": ""
 },
 {
   "category": "Babies",
   "subcategory": "Baby First Aid & Vitamins",
   "name": "Boiron Children's Chestal Homeopathic Medicine",
   "price": "11.99",
   "description": "6.7 fl oz�",
   "image": "https://d2lnr5mha7bycj.cloudfront.net/product-image/file/large_99ff31a7-bac5-4a7d-af9c-48a8cdade8be.jpg",
   "Image 2": "",
   "Product Link": "https://www.instacart.com/store/items/4500974?source1=aisle&source2=3643&source3=3643&impressionId=23b61954-2f45-42dc-b065-31be6fc66d3e",
   "FIELD9": ""
 },
 {
   "category": "Babies",
   "subcategory": "Baby First Aid & Vitamins",
   "name": "SmartyPants Kids Complete Multivitamin Gummies - 120 CT",
   "price": "21.99",
   "description": "120.0 ct�",
   "image": "https://d2lnr5mha7bycj.cloudfront.net/product-image/file/large_901c660f-e606-4b6b-9214-36f6962a3cf7.jpg",
   "Image 2": "",
   "Product Link": "https://www.instacart.com/store/items/4517569?source1=aisle&source2=3643&source3=3643&impressionId=32c95bec-a2b7-4832-bca1-a53e40c47ec5",
   "FIELD9": ""
 },
 {
   "category": "Babies",
   "subcategory": "Baby First Aid & Vitamins",
   "name": "Boiron Liquid Teething Relief",
   "price": "14.99",
   "description": "30.0 ct�",
   "image": "https://d2lnr5mha7bycj.cloudfront.net/product-image/file/large_2e59f1d0-328c-4b7a-83ff-b439b4154f8e.jpg",
   "Image 2": "",
   "Product Link": "https://www.instacart.com/store/items/4541603?source1=aisle&source2=3643&source3=3643&impressionId=66e90db6-4d6b-4484-98b2-4e7ede12bd57",
   "FIELD9": ""
 },
 {
   "category": "Babies",
   "subcategory": "Baby First Aid & Vitamins",
   "name": "Garden of Life Raw Probiotic Kids",
   "price": "27.99",
   "description": "3.4 oz�",
   "image": "https://d2lnr5mha7bycj.cloudfront.net/product-image/file/large_8dcb2520-6158-4e77-9b0a-4927f8604b06.jpg",
   "Image 2": "",
   "Product Link": "https://www.instacart.com/store/items/4564216?source1=aisle&source2=3643&source3=3643&impressionId=ba470cc2-eced-4ea1-bb12-04c13b48f09f",
   "FIELD9": ""
 },
 {
   "category": "Babies",
   "subcategory": "Baby First Aid & Vitamins",
   "name": "Boiron Camilia Teething Relief Homeopathic Medicine Single Liquid Doses - 10 CT",
   "price": "8.49",
   "description": "0.034 fl oz�",
   "image": "https://d2lnr5mha7bycj.cloudfront.net/product-image/file/large_53950c02-b8ea-48b2-b8ec-23387c024403.jpg",
   "Image 2": "",
   "Product Link": "https://www.instacart.com/store/items/32220997?source1=aisle&source2=3643&source3=3643&impressionId=98403dea-09a1-4dba-b8d1-b8ec8cce8d15",
   "FIELD9": ""
 },
 {
   "category": "Babies",
   "subcategory": "Baby First Aid & Vitamins",
   "name": "Wellements Tummy Organic Gripe Water Newborn+ Dietary Supplement",
   "price": "10.99",
   "description": "4.0 fl oz�",
   "image": "https://d2lnr5mha7bycj.cloudfront.net/product-image/file/large_bba21f6d-8c05-4ef7-9339-09f72d0eb7d7.jpg",
   "Image 2": "",
   "Product Link": "https://www.instacart.com/store/items/4571664?source1=aisle&source2=3643&source3=3643&impressionId=beeb2549-474e-4611-a2ab-2d0f66e7c7fc",
   "FIELD9": ""
 },
 {
   "category": "Babies",
   "subcategory": "Baby First Aid & Vitamins",
   "name": "Gaia Herbs Kids Black Elderberry Syrup",
   "price": "16.99",
   "description": "3 oz�",
   "image": "https://d2lnr5mha7bycj.cloudfront.net/product-image/file/large_f5161cef-9b4f-466b-b8b2-8c0ab1ffd32f.jpg",
   "Image 2": "",
   "Product Link": "https://www.instacart.com/store/items/4532658?source1=aisle&source2=3643&source3=3643&impressionId=f2bc5234-77d3-4565-af4c-29c7aec2b1c9",
   "FIELD9": ""
 },
 {
   "category": "Babies",
   "subcategory": "Baby First Aid & Vitamins",
   "name": "Mommy's Bliss Gripe Water",
   "price": "14.99",
   "description": "4 fl oz�",
   "image": "https://d2lnr5mha7bycj.cloudfront.net/product-image/file/large_96da2e2c-3bc9-4a1f-8671-8056d3d6ff69.jpg",
   "Image 2": "",
   "Product Link": "https://www.instacart.com/store/items/4571698?source1=aisle&source2=3643&source3=3643&impressionId=66ccc7fc-3f4b-464c-906e-933110ee9700",
   "FIELD9": ""
 },
 {
   "category": "Babies",
   "subcategory": "Baby First Aid & Vitamins",
   "name": "Thinkbaby Sunscreen SPF 50+",
   "price": "18.99",
   "description": "3 fl oz�",
   "image": "https://d2lnr5mha7bycj.cloudfront.net/product-image/file/large_3fc2397e-2aaf-4ea4-8e7d-f9a06687bfb4.jpg",
   "Image 2": "",
   "Product Link": "https://www.instacart.com/store/items/4558368?source1=aisle&source2=3643&source3=3643&impressionId=c54f9436-ec87-40aa-a20a-0073d75e0869",
   "FIELD9": ""
 },
 {
   "category": "Babies",
   "subcategory": "Baby First Aid & Vitamins",
   "name": "Whole Foods Market Strawberry Flavored Kids Essentials Chewable Multivitamins",
   "price": "10.99",
   "description": "90 ct�",
   "image": "https://d2lnr5mha7bycj.cloudfront.net/product-image/file/large_c360f379-bdc7-4f42-acfd-7d5e111242a4.jpg",
   "Image 2": "",
   "Product Link": "https://www.instacart.com/store/items/4567981?source1=aisle&source2=3643&source3=3643&impressionId=f564d93c-dac8-4cd5-8a27-ef29752c053e",
   "FIELD9": ""
 },
 {
   "category": "Babies",
   "subcategory": "Baby First Aid & Vitamins",
   "name": "Nosefrida Nasal Aspirator",
   "price": "19.99",
   "description": "1 ct�",
   "image": "https://d2lnr5mha7bycj.cloudfront.net/product-image/file/large_6dec28d5-bc87-4804-a0b1-296d0b00b4bb.jpg",
   "Image 2": "",
   "Product Link": "https://www.instacart.com/store/items/4560141?source1=aisle&source2=3643&source3=3643&impressionId=5f9d8153-bb4e-4595-be3b-303cad038fcd",
   "FIELD9": ""
 },
 {
   "category": "Babies",
   "subcategory": "Baby First Aid & Vitamins",
   "name": "Jarrow Formulas Baby's Jarro-Dophilus +FOS Powder Probiotic Supplement",
   "price": "19.99",
   "description": "2.5 oz�",
   "image": "https://d2lnr5mha7bycj.cloudfront.net/product-image/file/large_1d7f0f5b-4524-45a8-b681-1e254c04552a.jpg",
   "Image 2": "",
   "Product Link": "https://www.instacart.com/store/items/4567795?source1=aisle&source2=3643&source3=3643&impressionId=2548fc30-f38e-4ca3-9a75-23983878b35b",
   "FIELD9": ""
 },
 {
   "category": "Babies",
   "subcategory": "Baby First Aid & Vitamins",
   "name": "365 Kid's Chewable Cherry Flavored Multi-Vitamin",
   "price": "9.99",
   "description": "120 ct�",
   "image": "https://d2lnr5mha7bycj.cloudfront.net/product-image/file/large_71112f0d-bc88-42eb-8b62-914d1e0aa35a.jpg",
   "Image 2": "",
   "Product Link": "https://www.instacart.com/store/items/4471183?source1=aisle&source2=3643&source3=3643&impressionId=15308222-53c0-4f87-add2-65f9cdbc6b52",
   "FIELD9": ""
 },
 {
   "category": "Babies",
   "subcategory": "Baby First Aid & Vitamins",
   "name": "Gaia Kids Echinacea Supreme Alcohol Free Formula Drops",
   "price": "12.99",
   "description": "1 fl oz�",
   "image": "https://d2lnr5mha7bycj.cloudfront.net/product-image/file/large_7d7fcda2-9087-4db1-a01e-4c2d6955adb5.jpg",
   "Image 2": "",
   "Product Link": "https://www.instacart.com/store/items/4565829?source1=aisle&source2=3643&source3=3643&impressionId=de0f21ba-d8d1-4167-9714-0ce7ba28383f",
   "FIELD9": ""
 },
 {
   "category": "Babies",
   "subcategory": "Baby First Aid & Vitamins",
   "name": "MegaFood Baby And Me 2 Tablets",
   "price": "39.99",
   "description": "60 ct�",
   "image": "https://d2lnr5mha7bycj.cloudfront.net/product-image/file/large_d3f625f6-9322-46fb-8e26-61052fc19a9a.jpg",
   "Image 2": "",
   "Product Link": "https://www.instacart.com/store/items/34062310?source1=aisle&source2=3643&source3=3643&impressionId=e0ee2702-4b5b-4ec6-bd42-44962a2715a5",
   "FIELD9": ""
 },
 {
   "category": "Babies",
   "subcategory": "Baby First Aid & Vitamins",
   "name": "Nature's Way Primadophilus For Children",
   "price": "14.49",
   "description": "5 oz�",
   "image": "https://d2lnr5mha7bycj.cloudfront.net/product-image/file/large_d635132b-4419-4b55-95dd-a2b31d32ff0c.jpg",
   "Image 2": "",
   "Product Link": "https://www.instacart.com/store/items/4473650?source1=aisle&source2=3643&source3=3643&impressionId=00f21c74-f243-4c5f-bba4-8cd877810c38",
   "FIELD9": ""
 },
 {
   "category": "Babies",
   "subcategory": "Baby First Aid & Vitamins",
   "name": "Wellements Baby Move Constipation Dietary Supplement 6 Months+",
   "price": "13.99",
   "description": "4.0 fl oz�",
   "image": "https://d2lnr5mha7bycj.cloudfront.net/product-image/file/large_2fe4282b-3577-4cfa-99a3-074d629a2198.jpg",
   "Image 2": "",
   "Product Link": "https://www.instacart.com/store/items/31798138?source1=aisle&source2=3643&source3=3643&impressionId=e424a010-8bf5-47f1-ae83-72ae527849ca",
   "FIELD9": ""
 },
 {
   "category": "Babies",
   "subcategory": "Baby First Aid & Vitamins",
   "name": "Gaia Herbs Kids Defense Herbal Drops",
   "price": "13.99",
   "description": "1 fl oz�",
   "image": "https://d2lnr5mha7bycj.cloudfront.net/product-image/file/large_3f96cc41-4b68-4554-bd00-56a2e533867b.jpg",
   "Image 2": "",
   "Product Link": "https://www.instacart.com/store/items/4554453?source1=aisle&source2=3643&source3=3643&impressionId=4b72f799-71f4-4a52-8e39-ec817588cd2f",
   "FIELD9": ""
 },
 {
   "category": "Babies",
   "subcategory": "Baby First Aid & Vitamins",
   "name": "Acure Baby Spf 30 Sun Stick",
   "price": "7.99",
   "description": "0.5 oz�",
   "image": "https://d2lnr5mha7bycj.cloudfront.net/product-image/file/large_64a18f47-6961-4e1c-b2cb-07ce9ed21782.jpg",
   "Image 2": "",
   "Product Link": "https://www.instacart.com/store/items/69081157?source1=aisle&source2=3643&source3=3643&impressionId=10fe0494-93af-4ecc-9ec6-8e0ad1d1a337",
   "FIELD9": ""
 },
 {
   "category": "Babies",
   "subcategory": "Baby First Aid & Vitamins",
   "name": "WishGarden Herbs Sleepy Nights For Kids",
   "price": "14.99",
   "description": "1 fl oz�",
   "image": "https://d2lnr5mha7bycj.cloudfront.net/product-image/file/large_1cc7d187-8a3c-4c7a-98cb-4e781223bac2.jpg",
   "Image 2": "",
   "Product Link": "https://www.instacart.com/store/items/4565566?source1=aisle&source2=3643&source3=3643&impressionId=c6fe2e49-5637-44c3-9a63-390109b55ca5",
   "FIELD9": ""
 },
 {
   "category": "Babies",
   "subcategory": "Baby First Aid & Vitamins",
   "name": "Acure Baby Buns Diaper Cream",
   "price": "10.99",
   "description": "1.75 oz�",
   "image": "https://d2lnr5mha7bycj.cloudfront.net/product-image/file/large_5e11fdb5-e8cd-438c-b9ef-9052ab5cc1b8.jpg",
   "Image 2": "",
   "Product Link": "https://www.instacart.com/store/items/44279975?source1=aisle&source2=3643&source3=3643&impressionId=155f148a-3a2c-4757-bc11-f90fe643d4ed",
   "FIELD9": ""
 },
 {
   "category": "Babies",
   "subcategory": "Baby First Aid & Vitamins",
   "name": "Ultima Replenisher Toddler Berry Punch Packet",
   "price": "0.99",
   "description": "",
   "image": "https://d2guulkeunn7d8.cloudfront.net/assets/missing-item-0ca47424f272dd3909349f67e9661183.png",
   "Image 2": "",
   "Product Link": "https://www.instacart.com/store/items/44362944?source1=aisle&source2=3643&source3=3643&impressionId=8b7a0751-99e8-4501-8696-9cdc3bea5e92",
   "FIELD9": ""
 },
 {
   "category": "Babies",
   "subcategory": "Baby First Aid & Vitamins",
   "name": "Acure Organic Baby Fix It Lotion Stick",
   "price": "7.99",
   "description": ".5 oz�",
   "image": "https://d2guulkeunn7d8.cloudfront.net/assets/missing-item-0ca47424f272dd3909349f67e9661183.png",
   "Image 2": "",
   "Product Link": "https://www.instacart.com/store/items/44280021?source1=aisle&source2=3643&source3=3643&impressionId=3042a790-d464-4167-9df8-43f74ebdd296",
   "FIELD9": ""
 },
 {
   "category": "Pets",
   "subcategory": "Cat Food & Care",
   "name": "Whole Paws Cat Litter",
   "price": "6.49",
   "description": "14 lb�",
   "image": "https://d2lnr5mha7bycj.cloudfront.net/product-image/file/large_a46d3846-ed61-45fd-9882-031c99b6acde.jpg",
   "Image 2": "",
   "Product Link": "https://www.instacart.com/store/items/4522052?source1=aisle&source2=3638&source3=3638&impressionId=d38e421f-854c-464a-ad22-3f63a56d1cfa",
   "FIELD9": ""
 },
 {
   "category": "Pets",
   "subcategory": "Cat Food & Care",
   "name": "Whole Paws Shredded Salmon & Chicken In Gravy Wet Cat Food",
   "price": "0.99",
   "description": "5.5 oz�",
   "image": "https://d2lnr5mha7bycj.cloudfront.net/product-image/file/large_abc0d1f2-fb1d-4e12-9e3d-9bbe6f22ec81.jpg",
   "Image 2": "",
   "Product Link": "https://www.instacart.com/store/items/4522441?source1=aisle&source2=3638&source3=3638&impressionId=ee59bea0-6ccb-4776-a235-44f5936260f2",
   "FIELD9": ""
 },
 {
   "category": "Pets",
   "subcategory": "Cat Food & Care",
   "name": "Whole Paws Shredded Whitefish, Chicken & Tuna In Gravy Cat Food",
   "price": "0.99",
   "description": "5.5 oz�",
   "image": "https://d2lnr5mha7bycj.cloudfront.net/product-image/file/large_1c0600de-5011-4f7d-b267-aa110610e766.jpg",
   "Image 2": "",
   "Product Link": "https://www.instacart.com/store/items/4522563?source1=aisle&source2=3638&source3=3638&impressionId=32e444a2-1ca2-4c2d-97f4-4e9f738e7ae3",
   "FIELD9": ""
 },
 {
   "category": "Pets",
   "subcategory": "Cat Food & Care",
   "name": "Whole Paws Grain-Free Shredded Chicken In Gravy Cat Food",
   "price": "0.99",
   "description": "5.5 oz�",
   "image": "https://d2lnr5mha7bycj.cloudfront.net/product-image/file/large_2dfe3385-7f13-404d-afa6-85a49bab899f.jpg",
   "Image 2": "",
   "Product Link": "https://www.instacart.com/store/items/4522706?source1=aisle&source2=3638&source3=3638&impressionId=671d647f-d13b-45ab-b8a7-298e0b8d5375",
   "FIELD9": ""
 },
 {
   "category": "Pets",
   "subcategory": "Cat Food & Care",
   "name": "Whole Paws Chicken And Brown Rice Recipe",
   "price": "6.99",
   "description": "3.5 lb�",
   "image": "https://d2lnr5mha7bycj.cloudfront.net/product-image/file/large_5c2accce-95e6-49d6-8848-1507a5cbbd93.jpg",
   "Image 2": "",
   "Product Link": "https://www.instacart.com/store/items/4529699?source1=aisle&source2=3638&source3=3638&impressionId=b2d689db-a488-4ecc-a23b-a9b420df1be4",
   "FIELD9": ""
 },
 {
   "category": "Pets",
   "subcategory": "Cat Food & Care",
   "name": "Whole Paws Grain Free Turkey Chicken & Giblets Dinner Cat Food",
   "price": "0.99",
   "description": "3 oz�",
   "image": "https://d2lnr5mha7bycj.cloudfront.net/product-image/file/large_701d27ce-793a-426d-ac05-6167a74a5e3a.jpg",
   "Image 2": "",
   "Product Link": "https://www.instacart.com/store/items/4522338?source1=aisle&source2=3638&source3=3638&impressionId=30312e4c-924d-4c0c-b2ce-d1e9a759dec8",
   "FIELD9": ""
 },
 {
   "category": "Pets",
   "subcategory": "Cat Food & Care",
   "name": "Whole Paws Chicken & Whitefish Dinner",
   "price": "0.99",
   "description": "3 oz�",
   "image": "https://d2lnr5mha7bycj.cloudfront.net/product-image/file/large_c31efd77-7a2f-450a-ae1f-2302e4dcd1eb.jpg",
   "Image 2": "",
   "Product Link": "https://www.instacart.com/store/items/4522102?source1=aisle&source2=3638&source3=3638&impressionId=ecfa8b64-e516-4c3a-9883-30ab9d894279",
   "FIELD9": ""
 },
 {
   "category": "Pets",
   "subcategory": "Cat Food & Care",
   "name": "Whole Paws Grain-Free Beef & Chicken Dinner Cat Food",
   "price": "0.99",
   "description": "3 oz�",
   "image": "https://d2lnr5mha7bycj.cloudfront.net/product-image/file/large_f08bd89e-e197-4442-8e1e-c6586f600730.jpg",
   "Image 2": "",
   "Product Link": "https://www.instacart.com/store/items/4522223?source1=aisle&source2=3638&source3=3638&impressionId=d1bc4385-47b8-4b1c-940e-58ed43ac3e7b",
   "FIELD9": ""
 },
 {
   "category": "Pets",
   "subcategory": "Cat Food & Care",
   "name": "Wellness Chicken Formula, Grain Free Natural Food For Cats",
   "price": "2.39",
   "description": "5.5 oz�",
   "image": "https://d2lnr5mha7bycj.cloudfront.net/product-image/file/large_cc6b61f7-9d25-489d-9fca-574d54faa88a.jpg",
   "Image 2": "",
   "Product Link": "https://www.instacart.com/store/items/4463830?source1=aisle&source2=3638&source3=3638&impressionId=ac9b5574-bc4c-4239-928f-bbd381d10f0b",
   "FIELD9": ""
 },
 {
   "category": "Pets",
   "subcategory": "Cat Food & Care",
   "name": "Wellness Natural Food For Cats Turkey & Salmon",
   "price": "2.39",
   "description": "5.5 oz�",
   "image": "https://d2lnr5mha7bycj.cloudfront.net/product-image/file/large_410a5bfd-2988-41ba-a713-207b238868ed.jpg",
   "Image 2": "",
   "Product Link": "https://www.instacart.com/store/items/4464750?source1=aisle&source2=3638&source3=3638&impressionId=bab45192-a452-4a7d-8f4e-86a2c571ce93",
   "FIELD9": ""
 },
 {
   "category": "Pets",
   "subcategory": "Cat Food & Care",
   "name": "Wellness Grain Free Turkey & Salmon Formula Cat Food",
   "price": "1.99",
   "description": "3 oz�",
   "image": "https://d2lnr5mha7bycj.cloudfront.net/product-image/file/large_158c21a8-985c-4573-9ebd-9dae4a4a6518.jpg",
   "Image 2": "",
   "Product Link": "https://www.instacart.com/store/items/4463025?source1=aisle&source2=3638&source3=3638&impressionId=e8eb1868-d21b-4a1c-83d2-2142d74f1afc",
   "FIELD9": ""
 },
 {
   "category": "Pets",
   "subcategory": "Cat Food & Care",
   "name": "Wellness Natural Food For Cats Turkey",
   "price": "2.39",
   "description": "5.5 oz�",
   "image": "https://d2lnr5mha7bycj.cloudfront.net/product-image/file/large_aea1cb43-c35b-483e-9872-eec5162a9e16.jpg",
   "Image 2": "",
   "Product Link": "https://www.instacart.com/store/items/4464240?source1=aisle&source2=3638&source3=3638&impressionId=48e019e6-c0e0-4ab5-8b78-e0b301c46e6d",
   "FIELD9": ""
 },
 {
   "category": "Pets",
   "subcategory": "Cat Food & Care",
   "name": "Whole Paws Chicken And Brown Rice Maintenance Formula",
   "price": "6.99",
   "description": "3.5 lb�",
   "image": "https://d2lnr5mha7bycj.cloudfront.net/product-image/file/large_fae5905c-f594-494c-887f-b003c25adb4b.jpg",
   "Image 2": "",
   "Product Link": "https://www.instacart.com/store/items/4529848?source1=aisle&source2=3638&source3=3638&impressionId=f158d2a2-3375-4ed4-8a46-321f9b773b04",
   "FIELD9": ""
 },
 {
   "category": "Pets",
   "subcategory": "Cat Food & Care",
   "name": "Freshpet Vital Chicken & Ocean Whitefish Recipe Cat Food, Grain Free",
   "price": "5.99",
   "description": "16 oz�",
   "image": "https://d2lnr5mha7bycj.cloudfront.net/product-image/file/large_32214d8f-c195-4d28-a02e-44b8a60551b9.jpg",
   "Image 2": "",
   "Product Link": "https://www.instacart.com/store/items/4517486?source1=aisle&source2=3638&source3=3638&impressionId=9a07a1c1-55d1-4390-9781-4c33e38a875c",
   "FIELD9": ""
 },
 {
   "category": "Pets",
   "subcategory": "Cat Food & Care",
   "name": "Halo Spot's Stew Dry Cat Food Formula Chicken Recipe",
   "price": "16.99",
   "description": "3 lb�",
   "image": "https://d2lnr5mha7bycj.cloudfront.net/product-image/file/large_ee21c74e-2828-4d3e-90b2-1d7c272ad39c.jpg",
   "Image 2": "",
   "Product Link": "https://www.instacart.com/store/items/4538770?source1=aisle&source2=3638&source3=3638&impressionId=96ffa6f8-c18e-45ee-bc9d-307bb4cbeb93",
   "FIELD9": ""
 },
 {
   "category": "Pets",
   "subcategory": "Cat Food & Care",
   "name": "Deck Hand Tuna Premium Cat Food",
   "price": "0.99",
   "description": "5 oz�",
   "image": "https://d2lnr5mha7bycj.cloudfront.net/product-image/file/large_e6158990-0acf-4e8c-96ce-7d6ac7692c67.jpg",
   "Image 2": "",
   "Product Link": "https://www.instacart.com/store/items/4532584?source1=aisle&source2=3638&source3=3638&impressionId=23219fe2-2be9-4b62-a4ca-2d5f06f286d6",
   "FIELD9": ""
 },
 {
   "category": "Pets",
   "subcategory": "Cat Food & Care",
   "name": "Halo Spot's Stew Wild Salmon Canned Cat Food",
   "price": "1.49",
   "description": "3 oz�",
   "image": "https://d2lnr5mha7bycj.cloudfront.net/product-image/file/large_21054c51-1b1a-4586-ab4e-4a4eb4597503.jpg",
   "Image 2": "",
   "Product Link": "https://www.instacart.com/store/items/4526784?source1=aisle&source2=3638&source3=3638&impressionId=be0d108a-419c-422d-9900-e3e2a68772ce",
   "FIELD9": ""
 },
 {
   "category": "Pets",
   "subcategory": "Cat Food & Care",
   "name": "Deck Hand Tuna Premium Cat Food",
   "price": "1.99",
   "description": "3 x 3 oz�",
   "image": "https://d2lnr5mha7bycj.cloudfront.net/product-image/file/large_9b8c7fb1-78d7-4b7a-97a2-ac5a85294188.jpg",
   "Image 2": "",
   "Product Link": "https://www.instacart.com/store/items/4532481?source1=aisle&source2=3638&source3=3638&impressionId=027fc527-211f-4feb-9f05-3ee9dae496c6",
   "FIELD9": ""
 },
 {
   "category": "Pets",
   "subcategory": "Cat Food & Care",
   "name": "Halo Spot's Stew Wild Salmon Recipe Cat Food",
   "price": "16.99",
   "description": "3 lb�",
   "image": "https://d2guulkeunn7d8.cloudfront.net/assets/missing-item-0ca47424f272dd3909349f67e9661183.png",
   "Image 2": "",
   "Product Link": "https://www.instacart.com/store/items/4538722?source1=aisle&source2=3638&source3=3638&impressionId=c938bea4-d964-40c7-a7db-c3d1109bf573",
   "FIELD9": ""
 },
 {
   "category": "Pets",
   "subcategory": "Cat Food & Care",
   "name": "Halo Spot's Stew Chicken Cat Food",
   "price": "1.49",
   "description": "3 oz�",
   "image": "https://d2lnr5mha7bycj.cloudfront.net/product-image/file/large_ae72e276-4c99-44b6-8592-a9aaba9be9bb.jpg",
   "Image 2": "",
   "Product Link": "https://www.instacart.com/store/items/4526938?source1=aisle&source2=3638&source3=3638&impressionId=9af68c08-1150-4e76-b2e2-770a0047855f",
   "FIELD9": ""
 },
 {
   "category": "Pets",
   "subcategory": "Dog Food & Care",
   "name": "Whole Paws Grain Free Turkey & Sweet Potato Stew Dog Food",
   "price": "1.99",
   "description": "13.2 oz�",
   "image": "https://d2lnr5mha7bycj.cloudfront.net/product-image/file/large_b9d055f5-b427-4802-88d3-f13a9fce537d.jpg",
   "Image 2": "",
   "Product Link": "https://www.instacart.com/store/items/4523560?source1=aisle&source2=3639&source3=3639&impressionId=6ed4d59f-3dba-4681-a61c-69ced88f3e56",
   "FIELD9": ""
 },
 {
   "category": "Pets",
   "subcategory": "Dog Food & Care",
   "name": "Whole Paws Chicken & Brown Rice Adult Dog Food",
   "price": "7.99",
   "description": "6 lb�",
   "image": "https://d2lnr5mha7bycj.cloudfront.net/product-image/file/large_60433c2e-763d-403a-be9b-3e9d394ae18c.jpg",
   "Image 2": "",
   "Product Link": "https://www.instacart.com/store/items/15692273?source1=aisle&source2=3639&source3=3639&impressionId=2592bd5f-1dcc-49c3-b465-cd3bc7742496",
   "FIELD9": ""
 },
 {
   "category": "Pets",
   "subcategory": "Dog Food & Care",
   "name": "Whole Paws Chicken & Vegetable Stew Dog Food",
   "price": "1.99",
   "description": "13.2 oz�",
   "image": "https://d2lnr5mha7bycj.cloudfront.net/product-image/file/large_6c4aadcc-7ce5-4b53-82ef-85664959ebf5.jpg",
   "Image 2": "",
   "Product Link": "https://www.instacart.com/store/items/4523152?source1=aisle&source2=3639&source3=3639&impressionId=a6aa9466-7c9a-4203-aaca-bc64729ae70f",
   "FIELD9": ""
 },
 {
   "category": "Pets",
   "subcategory": "Dog Food & Care",
   "name": "Whole Paws Grain-Free Chicken Dinner Dog Food",
   "price": "1.19",
   "description": "3.5 oz�",
   "image": "https://d2lnr5mha7bycj.cloudfront.net/product-image/file/large_32b28632-e82e-4a87-9012-2b51ad791fb6.jpg",
   "Image 2": "",
   "Product Link": "https://www.instacart.com/store/items/4522931?source1=aisle&source2=3639&source3=3639&impressionId=9db1eb1a-418a-45a2-ba33-6d31222ca3f9",
   "FIELD9": ""
 },
 {
   "category": "Pets",
   "subcategory": "Dog Food & Care",
   "name": "Whole Paws Chicken Beef & Vegetable Stew Dog Food",
   "price": "1.99",
   "description": "13.2 oz�",
   "image": "https://d2lnr5mha7bycj.cloudfront.net/product-image/file/large_774a8d3b-f39f-4f9a-98c6-83549a3d62b3.jpg",
   "Image 2": "",
   "Product Link": "https://www.instacart.com/store/items/4523350?source1=aisle&source2=3639&source3=3639&impressionId=cbac1e0c-d839-41c3-9fde-9a4046ec9b5f",
   "FIELD9": ""
 },
 {
   "category": "Pets",
   "subcategory": "Dog Food & Care",
   "name": "Whole Paws Grain-Free Lamb Dinner Dog Food",
   "price": "1.19",
   "description": "3.5 oz�",
   "image": "https://d2lnr5mha7bycj.cloudfront.net/product-image/file/large_2701ed38-71b9-4216-bc3c-bb1c1409935f.jpg",
   "Image 2": "",
   "Product Link": "https://www.instacart.com/store/items/4522870?source1=aisle&source2=3639&source3=3639&impressionId=250701be-fd5f-4d60-94a0-e4c468ffdcfd",
   "FIELD9": ""
 },
 {
   "category": "Pets",
   "subcategory": "Dog Food & Care",
   "name": "Freshpet Natural Fresh Turkey Spinach Grain Free Dog Food",
   "price": "4.99",
   "description": "1 lb�",
   "image": "https://d2lnr5mha7bycj.cloudfront.net/product-image/file/large_e83fae2a-736c-4fb2-8f9b-1ef7dc970560.jpg",
   "Image 2": "",
   "Product Link": "https://www.instacart.com/store/items/4518986?source1=aisle&source2=3639&source3=3639&impressionId=aae65c31-8d47-4d5d-bff8-8cf703fed801",
   "FIELD9": ""
 },
 {
   "category": "Pets",
   "subcategory": "Dog Food & Care",
   "name": "Whole Paws Salmon & Sweet Potato Maintenance Formula Dog Food",
   "price": "14.99",
   "description": "6 lb�",
   "image": "https://d2lnr5mha7bycj.cloudfront.net/product-image/file/large_cdb676fe-ab37-4bff-80c8-5d8c0d080c0d.jpg",
   "Image 2": "",
   "Product Link": "https://www.instacart.com/store/items/4530276?source1=aisle&source2=3639&source3=3639&impressionId=8b25a8c3-37f8-481c-ae2a-ba97d15e014f",
   "FIELD9": ""
 },
 {
   "category": "Pets",
   "subcategory": "Dog Food & Care",
   "name": "Castor & Pollux Dog Chew, Chicken Flavored Rolls, 5 Inch",
   "price": "4.99",
   "description": "5 ct�",
   "image": "https://d2lnr5mha7bycj.cloudfront.net/product-image/file/large_18ce6216-5eed-49b7-b61c-e28b80c68010.jpg",
   "Image 2": "",
   "Product Link": "https://www.instacart.com/store/items/4537324?source1=aisle&source2=3639&source3=3639&impressionId=9a102546-11c6-413f-a2b0-307079c1caff",
   "FIELD9": ""
 },
 {
   "category": "Pets",
   "subcategory": "Dog Food & Care",
   "name": "Whole Paws Small Dog Biscuits",
   "price": "2.99",
   "description": "10 oz�",
   "image": "https://d2lnr5mha7bycj.cloudfront.net/product-image/file/large_d52b11a4-d086-4f12-b093-046c08370575.jpg",
   "Image 2": "",
   "Product Link": "https://www.instacart.com/store/items/4528908?source1=aisle&source2=3639&source3=3639&impressionId=c60b9bc4-ea46-49b5-90de-93978e6fc2c1",
   "FIELD9": ""
 },
 {
   "category": "Pets",
   "subcategory": "Dog Food & Care",
   "name": "Whole Paws Chicken And Rice Healthy Weight Dog Food",
   "price": "7.99",
   "description": "6 lb�",
   "image": "https://d2lnr5mha7bycj.cloudfront.net/product-image/file/large_7444cf3b-c0b7-40c8-a09c-ded1553a6884.jpg",
   "Image 2": "",
   "Product Link": "https://www.instacart.com/store/items/4530635?source1=aisle&source2=3639&source3=3639&impressionId=6c0f5ef3-9d5a-4b86-9077-47dfc85bf556",
   "FIELD9": ""
 },
 {
   "category": "Pets",
   "subcategory": "Dog Food & Care",
   "name": "Castor & Pollux Organix Chicken & Brown Rice Recipe",
   "price": "19.99",
   "description": "5.25 lb�",
   "image": "https://d2lnr5mha7bycj.cloudfront.net/product-image/file/large_9a44b7ab-e005-41aa-86b1-220bfa40ad01.jpg",
   "Image 2": "",
   "Product Link": "https://www.instacart.com/store/items/4522373?source1=aisle&source2=3639&source3=3639&impressionId=078ca4f3-86c8-4126-9721-98d069a11fdb",
   "FIELD9": ""
 },
 {
   "category": "Pets",
   "subcategory": "Dog Food & Care",
   "name": "Castor & Pollux Organix Grain Free Chicken & Vegetable Dog Food",
   "price": "3.19",
   "description": "12.7 oz�",
   "image": "https://d2lnr5mha7bycj.cloudfront.net/product-image/file/large_6d88c061-c866-415e-8894-2f0f8f831249.jpg",
   "Image 2": "",
   "Product Link": "https://www.instacart.com/store/items/4523671?source1=aisle&source2=3639&source3=3639&impressionId=8e6d1a92-56d5-4557-8965-4d7cd623b09e",
   "FIELD9": ""
 },
 {
   "category": "Pets",
   "subcategory": "Dog Food & Care",
   "name": "Whole Paws Chicken Flavor Dog Training Treats",
   "price": "3.99",
   "description": "6 oz�",
   "image": "https://d2lnr5mha7bycj.cloudfront.net/product-image/file/large_35f3f61c-0187-4168-924f-85872720ceeb.jpg",
   "Image 2": "",
   "Product Link": "https://www.instacart.com/store/items/4531130?source1=aisle&source2=3639&source3=3639&impressionId=2963cc83-8a80-478f-ad6a-9f4347aaed24",
   "FIELD9": ""
 },
 {
   "category": "Pets",
   "subcategory": "Dog Food & Care",
   "name": "Good Buddy Castor & Pollux Good Buddy Beef Jerky",
   "price": "4.99",
   "description": "3.0 oz�",
   "image": "https://d2lnr5mha7bycj.cloudfront.net/product-image/file/large_469b71a6-7164-4e0a-abf5-1f933491c66b.jpg",
   "Image 2": "",
   "Product Link": "https://www.instacart.com/store/items/4541741?source1=aisle&source2=3639&source3=3639&impressionId=26166388-ddcd-4283-8dfc-7ac79e58ae5e",
   "FIELD9": ""
 },
 {
   "category": "Pets",
   "subcategory": "Dog Food & Care",
   "name": "Freshpet Natures Fresh Grain Free Chicken Recipe For Dogs",
   "price": "29.99",
   "description": "5.5 lb�",
   "image": "https://d2lnr5mha7bycj.cloudfront.net/product-image/file/large_74be8378-f973-45ea-a5f2-eefcac585589.jpg",
   "Image 2": "",
   "Product Link": "https://www.instacart.com/store/items/25958785?source1=aisle&source2=3639&source3=3639&impressionId=aba06cee-f878-4823-8539-f471788f8adc",
   "FIELD9": ""
 },
 {
   "category": "Pets",
   "subcategory": "Dog Food & Care",
   "name": "Castor & Pollux Good Buddy USA Rawhide Braid Dog Chews",
   "price": "6.99",
   "description": "2 x 7 in�",
   "image": "https://d2lnr5mha7bycj.cloudfront.net/product-image/file/large_1695a5b8-37a6-4cb7-ae89-9b864a850c2b.jpg",
   "Image 2": "",
   "Product Link": "https://www.instacart.com/store/items/4544269?source1=aisle&source2=3639&source3=3639&impressionId=235fe3a8-fc08-47d4-8623-cfee30c00ac7",
   "FIELD9": ""
 },
 {
   "category": "Pets",
   "subcategory": "Dog Food & Care",
   "name": "Freshpet Nature's Fresh Turkey Recipe with Spinach, Cranberries & Blueberries Grain Free Dog Food",
   "price": "8.99",
   "description": "2 lb�",
   "image": "https://d2lnr5mha7bycj.cloudfront.net/product-image/file/large_d46d682e-7373-4a8b-a095-4de1f7780cee.jpg",
   "Image 2": "",
   "Product Link": "https://www.instacart.com/store/items/4519145?source1=aisle&source2=3639&source3=3639&impressionId=a11735da-c553-46fc-8adc-4127e63f648b",
   "FIELD9": ""
 },
 {
   "category": "Pets",
   "subcategory": "Dog Food & Care",
   "name": "Freshpet Select Chicken With Carrots And Spinach Dog Food",
   "price": "9.99",
   "description": "28 oz�",
   "image": "https://d2lnr5mha7bycj.cloudfront.net/product-image/file/large_52a1548b-0713-4ca8-b0b7-bcb42cc1389b.jpg",
   "Image 2": "",
   "Product Link": "https://www.instacart.com/store/items/4517463?source1=aisle&source2=3639&source3=3639&impressionId=a1855194-b5fd-4470-a40c-5d6ebaede083",
   "FIELD9": ""
 },
 {
   "category": "Pets",
   "subcategory": "Dog Food & Care",
   "name": "Halo Spots Stew Chicken Dry Dog Food",
   "price": "17.99",
   "description": "4 lb�",
   "image": "https://d2lnr5mha7bycj.cloudfront.net/product-image/file/large_c6bdf248-d689-4c4d-bbcd-717e9014119a.jpg",
   "Image 2": "",
   "Product Link": "https://www.instacart.com/store/items/4538616?source1=aisle&source2=3639&source3=3639&impressionId=98c60df8-13a3-4c72-a2a3-aeabd72a21c4",
   "FIELD9": ""
 },
 {
   "category": "Household",
   "subcategory": "Air Fresheners & Candles",
   "name": "Citrus Magic Pure Linen Solid Air Freshener",
   "price": "5.99",
   "description": "8 oz�",
   "image": "https://d2lnr5mha7bycj.cloudfront.net/product-image/file/large_e86815e0-d5a5-4932-983e-e307767de909.jpg",
   "Image 2": "",
   "Product Link": "https://www.instacart.com/store/items/4534133?source1=aisle&source2=3636&source3=3636&impressionId=78ee464c-2696-4bff-8645-2ca78d2ac04d",
   "FIELD9": ""
 },
 {
   "category": "Household",
   "subcategory": "Air Fresheners & Candles",
   "name": "Now Wood Aromatherapy Diffuser",
   "price": "59.99",
   "description": "",
   "image": "https://d2lnr5mha7bycj.cloudfront.net/product-image/file/large_8db76f5c-17de-47e3-ae82-c2626df39b12.jpg",
   "Image 2": "",
   "Product Link": "https://www.instacart.com/store/items/27311047?source1=aisle&source2=3636&source3=3636&impressionId=3838a3ad-142f-4255-b7dd-3b0101228c1a",
   "FIELD9": ""
 },
 {
   "category": "Household",
   "subcategory": "Air Fresheners & Candles",
   "name": "Big Dipper Wax Works 100% Beeswax All Natural Beeswax Candle",
   "price": "19.99",
   "description": "1 ct.�",
   "image": "https://d2lnr5mha7bycj.cloudfront.net/product-image/file/large_a5a43619-d9f0-4867-8516-5b5c13d187be.jpg",
   "Image 2": "",
   "Product Link": "https://www.instacart.com/store/items/4549203?source1=aisle&source2=3636&source3=3636&impressionId=03f105ff-cf9c-4183-8813-4c3df66c0f28",
   "FIELD9": ""
 },
 {
   "category": "Household",
   "subcategory": "Air Fresheners & Candles",
   "name": "Now Essential Oils Citronella Oil",
   "price": "5.99",
   "description": "1 fl oz�",
   "image": "https://d2lnr5mha7bycj.cloudfront.net/product-image/file/large_8d6fee74-c1b2-4433-afd6-7f390e96fcd1.jpg",
   "Image 2": "",
   "Product Link": "https://www.instacart.com/store/items/6915804?source1=aisle&source2=3636&source3=3636&impressionId=58946a12-97c7-409f-b5dd-21ccf5c66e0a",
   "FIELD9": ""
 },
 {
   "category": "Household",
   "subcategory": "Air Fresheners & Candles",
   "name": "Papyrus #6 Candle",
   "price": "2.95",
   "description": "",
   "image": "https://d2lnr5mha7bycj.cloudfront.net/product-image/file/large_c3bf47b1-b449-408f-9704-c28e3c96733e.jpg",
   "Image 2": "",
   "Product Link": "https://www.instacart.com/store/items/30977528?source1=aisle&source2=3636&source3=3636&impressionId=deaf1170-e7e0-4f06-a27d-b461ff456fd0",
   "FIELD9": ""
 },
 {
   "category": "Household",
   "subcategory": "Air Fresheners & Candles",
   "name": "Aloha Bay Votive Glass",
   "price": "1.69",
   "description": "",
   "image": "https://d2lnr5mha7bycj.cloudfront.net/product-image/file/large_df551bc6-1993-4489-ad0d-65363d7598a2.jpg",
   "Image 2": "",
   "Product Link": "https://www.instacart.com/store/items/4588310?source1=aisle&source2=3636&source3=3636&impressionId=54e901de-1743-4415-923b-1dafc6c8bd1a",
   "FIELD9": ""
 },
 {
   "category": "Household",
   "subcategory": "Air Fresheners & Candles",
   "name": "Papyrus #9 Candle",
   "price": "2.95",
   "description": "",
   "image": "https://d2lnr5mha7bycj.cloudfront.net/product-image/file/large_44aa4f24-e604-4c3e-82b3-4ab70419beb7.jpg",
   "Image 2": "",
   "Product Link": "https://www.instacart.com/store/items/32418588?source1=aisle&source2=3636&source3=3636&impressionId=d97662ad-1d15-469e-a9c5-16f92d844e24",
   "FIELD9": ""
 },
 {
   "category": "Household",
   "subcategory": "Air Fresheners & Candles",
   "name": "Aloha Bay Tea Light Unscented 12\" White",
   "price": "5.99",
   "description": "6 count�",
   "image": "https://d2lnr5mha7bycj.cloudfront.net/product-image/file/large_66df39f1-c7c0-42ec-a739-31545473f5d6.jpg",
   "Image 2": "",
   "Product Link": "https://www.instacart.com/store/items/4588241?source1=aisle&source2=3636&source3=3636&impressionId=03436374-8b51-43b0-8f51-331dd5ea0e6d",
   "FIELD9": ""
 },
 {
   "category": "Household",
   "subcategory": "Air Fresheners & Candles",
   "name": "Nippon Kodo Herb Earth Lavender",
   "price": "2.99",
   "description": "",
   "image": "https://d2lnr5mha7bycj.cloudfront.net/product-image/file/large_1fc0650a-859a-43be-923f-961f6b71a46a.png",
   "Image 2": "",
   "Product Link": "https://www.instacart.com/store/items/4585941?source1=aisle&source2=3636&source3=3636&impressionId=8b5a1665-dbfc-4956-9043-959cedf0894f",
   "FIELD9": ""
 },
 {
   "category": "Household",
   "subcategory": "Air Fresheners & Candles",
   "name": "Aloha Bay Protection Chakra Votive",
   "price": "2.99",
   "description": "",
   "image": "https://d2guulkeunn7d8.cloudfront.net/assets/missing-item-0ca47424f272dd3909349f67e9661183.png",
   "Image 2": "",
   "Product Link": "https://www.instacart.com/store/items/4588274?source1=aisle&source2=3636&source3=3636&impressionId=0a8c3293-a0ff-4c71-8b79-bfa43d0a7b14",
   "FIELD9": ""
 },
 {
   "category": "Household",
   "subcategory": "Air Fresheners & Candles",
   "name": "Nippon Kodo Herb Earth Orange",
   "price": "2.99",
   "description": "",
   "image": "https://d2guulkeunn7d8.cloudfront.net/assets/missing-item-0ca47424f272dd3909349f67e9661183.png",
   "Image 2": "",
   "Product Link": "https://www.instacart.com/store/items/4585944?source1=aisle&source2=3636&source3=3636&impressionId=8916f366-092e-4d21-b104-84c1df71fa12",
   "FIELD9": ""
 },
 {
   "category": "Household",
   "subcategory": "Air Fresheners & Candles",
   "name": "Aloha Bay Jar Kona Coffee 8 Oz",
   "price": "14.99",
   "description": "8 oz�",
   "image": "https://d2guulkeunn7d8.cloudfront.net/assets/missing-item-0ca47424f272dd3909349f67e9661183.png",
   "Image 2": "",
   "Product Link": "https://www.instacart.com/store/items/4588432?source1=aisle&source2=3636&source3=3636&impressionId=d6a11dcd-4f52-4994-a4bc-c9451de6c722",
   "FIELD9": ""
 },
 {
   "category": "Household",
   "subcategory": "Air Fresheners & Candles",
   "name": "Nippon Kodo Herb Earth Cedar",
   "price": "2.99",
   "description": "",
   "image": "https://d2guulkeunn7d8.cloudfront.net/assets/missing-item-0ca47424f272dd3909349f67e9661183.png",
   "Image 2": "",
   "Product Link": "https://www.instacart.com/store/items/4584949?source1=aisle&source2=3636&source3=3636&impressionId=3b64e269-036c-4061-b469-73eb348c5913",
   "FIELD9": ""
 },
 {
   "category": "Household",
   "subcategory": "Air Fresheners & Candles",
   "name": "Nippon Kodo Herb Earth Vanilla",
   "price": "2.99",
   "description": "",
   "image": "https://d2guulkeunn7d8.cloudfront.net/assets/missing-item-0ca47424f272dd3909349f67e9661183.png",
   "Image 2": "",
   "Product Link": "https://www.instacart.com/store/items/4585947?source1=aisle&source2=3636&source3=3636&impressionId=275725a8-fd3a-459f-93e7-9157c7405591",
   "FIELD9": ""
 },
 {
   "category": "Household",
   "subcategory": "Air Fresheners & Candles",
   "name": "Nippon Kodo Herb Earth Sandalwood",
   "price": "2.99",
   "description": "",
   "image": "https://d2guulkeunn7d8.cloudfront.net/assets/missing-item-0ca47424f272dd3909349f67e9661183.png",
   "Image 2": "",
   "Product Link": "https://www.instacart.com/store/items/4584948?source1=aisle&source2=3636&source3=3636&impressionId=e5a76f48-c7a7-42c9-9d2e-e2ef4d4823d4",
   "FIELD9": ""
 },
 {
   "category": "Household",
   "subcategory": "Air Fresheners & Candles",
   "name": "Nippon Kodo Herb Earth Rose",
   "price": "2.99",
   "description": "",
   "image": "https://d2guulkeunn7d8.cloudfront.net/assets/missing-item-0ca47424f272dd3909349f67e9661183.png",
   "Image 2": "",
   "Product Link": "https://www.instacart.com/store/items/4585942?source1=aisle&source2=3636&source3=3636&impressionId=a342e50c-5372-4157-9533-32dbbe65cde4",
   "FIELD9": ""
 },
 {
   "category": "Household",
   "subcategory": "Air Fresheners & Candles",
   "name": "Nippon Kodo Herb Earth Bergamot",
   "price": "2.99",
   "description": "",
   "image": "https://d2guulkeunn7d8.cloudfront.net/assets/missing-item-0ca47424f272dd3909349f67e9661183.png",
   "Image 2": "",
   "Product Link": "https://www.instacart.com/store/items/4585943?source1=aisle&source2=3636&source3=3636&impressionId=917cfbc2-4357-483a-9614-2b1fad145b31",
   "FIELD9": ""
 },
 {
   "category": "Household",
   "subcategory": "Air Fresheners & Candles",
   "name": "Nippon Kodo Herb Earth Patchouli",
   "price": "2.99",
   "description": "",
   "image": "https://d2guulkeunn7d8.cloudfront.net/assets/missing-item-0ca47424f272dd3909349f67e9661183.png",
   "Image 2": "",
   "Product Link": "https://www.instacart.com/store/items/4585946?source1=aisle&source2=3636&source3=3636&impressionId=64434163-9f64-4d75-92bc-6eeace5ab3c6",
   "FIELD9": ""
 },
 {
   "category": "Household",
   "subcategory": "Air Fresheners & Candles",
   "name": "Aloha Bay Jar Baked Pear",
   "price": "15.99",
   "description": "",
   "image": "https://d2guulkeunn7d8.cloudfront.net/assets/missing-item-0ca47424f272dd3909349f67e9661183.png",
   "Image 2": "",
   "Product Link": "https://www.instacart.com/store/items/4588443?source1=aisle&source2=3636&source3=3636&impressionId=0296e3a7-1045-407d-bef9-28f0318e02ed",
   "FIELD9": ""
 },
 {
   "category": "Household",
   "subcategory": "Air Fresheners & Candles",
   "name": "Aloha Bay Jar Chai Spice",
   "price": "15.99",
   "description": "8 oz�",
   "image": "https://d2guulkeunn7d8.cloudfront.net/assets/missing-item-0ca47424f272dd3909349f67e9661183.png",
   "Image 2": "",
   "Product Link": "https://www.instacart.com/store/items/4588447?source1=aisle&source2=3636&source3=3636&impressionId=88a14745-cef9-43ff-b0ba-ea671165f1fd",
   "FIELD9": ""
 },
 {
   "category": "Household",
   "subcategory": "Cleaning Products",
   "name": "Seventh Generation Lemongrass Citrus Scent Disinfecting Wipes",
   "price": "7.49",
   "description": "70 ct�",
   "image": "https://d2lnr5mha7bycj.cloudfront.net/product-image/file/large_0d4cd3fe-d1b9-4018-9506-07d9001ac48b.jpg",
   "Image 2": "",
   "Product Link": "https://www.instacart.com/store/items/4526056?source1=aisle&source2=538&source3=538&impressionId=f9d0b94b-0d11-4565-baf6-d9b6a72f7db2",
   "FIELD9": ""
 },
 {
   "category": "Household",
   "subcategory": "Cleaning Products",
   "name": "365 Citrus Toilet Bowl Cleaner",
   "price": "3.69",
   "description": "24 fl oz�",
   "image": "https://d2lnr5mha7bycj.cloudfront.net/product-image/file/large_9affa885-306f-4cf4-a14a-371f39474a04.jpg",
   "Image 2": "",
   "Product Link": "https://www.instacart.com/store/items/4541300?source1=aisle&source2=538&source3=538&impressionId=5a1f1686-03c7-4f9d-ae22-65a091983e60",
   "FIELD9": ""
 },
 {
   "category": "Household",
   "subcategory": "Cleaning Products",
   "name": "Natural Value Kitchen Scrubber Sponge",
   "price": "1.39",
   "description": "1 ea�",
   "image": "https://d2lnr5mha7bycj.cloudfront.net/product-image/file/large_12237a5b-4f29-4b65-afaf-4487196542dd.jpg",
   "Image 2": "",
   "Product Link": "https://www.instacart.com/store/items/4475733?source1=aisle&source2=538&source3=538&impressionId=881002f1-ca4f-4b93-9b53-a3860b8ff227",
   "FIELD9": ""
 },
 {
   "category": "Household",
   "subcategory": "Cleaning Products",
   "name": "Twist Scrub Sponge",
   "price": "1.39",
   "description": "1 ea�",
   "image": "https://d2lnr5mha7bycj.cloudfront.net/product-image/file/large_3da4a1fd-5273-4928-abf7-35dd2d1ce2e9.jpg",
   "Image 2": "",
   "Product Link": "https://www.instacart.com/store/items/4542451?source1=aisle&source2=538&source3=538&impressionId=3481b62d-bc8a-4f65-be85-53cf7714bd1b",
   "FIELD9": ""
 },
 {
   "category": "Household",
   "subcategory": "Cleaning Products",
   "name": "Mrs. Meyer's Clean Day Lemon Verbena Scent Multi-Surface Everyday Cleaner",
   "price": "4.69",
   "description": "16 x 16 fl oz�",
   "image": "https://d2lnr5mha7bycj.cloudfront.net/product-image/file/large_459284a1-4e44-4a09-8bf9-297e18abc457.JPG",
   "Image 2": "",
   "Product Link": "https://www.instacart.com/store/items/4499611?source1=aisle&source2=538&source3=538&impressionId=2130f4e0-a607-483f-b67e-c492510d3444",
   "FIELD9": ""
 },
 {
   "category": "Household",
   "subcategory": "Cleaning Products",
   "name": "Seventh Generation Disinfecting Lemongrass Citrus Scent Multi-Surface Cleaner",
   "price": "4.69",
   "description": "26 fl oz�",
   "image": "https://d2lnr5mha7bycj.cloudfront.net/product-image/file/large_0d4e1faf-8884-405c-b75f-2953f080d0ed.jpg",
   "Image 2": "",
   "Product Link": "https://www.instacart.com/store/items/4526673?source1=aisle&source2=538&source3=538&impressionId=79ca6db5-a84d-40c4-85bd-2fa4fbefe4e9",
   "FIELD9": ""
 },
 {
   "category": "Household",
   "subcategory": "Cleaning Products",
   "name": "Method Ginger Yuzu All Purpose Cleaner",
   "price": "4.99",
   "description": "28 oz�",
   "image": "https://d2lnr5mha7bycj.cloudfront.net/product-image/file/large_5b65a9bd-b8ed-4aa2-be13-5516bb601143.jpg",
   "Image 2": "",
   "Product Link": "https://www.instacart.com/store/items/4524919?source1=aisle&source2=538&source3=538&impressionId=acd8d184-4e33-4db1-a751-5566ecf08b4b",
   "FIELD9": ""
 },
 {
   "category": "Household",
   "subcategory": "Cleaning Products",
   "name": "Bon Ami All Natural Powder Cleanser",
   "price": "1.49",
   "description": "12 x 14 oz�",
   "image": "https://d2lnr5mha7bycj.cloudfront.net/product-image/file/large_6e885362-89c7-41b8-bee4-c3a5c12ee43e.jpg",
   "Image 2": "",
   "Product Link": "https://www.instacart.com/store/items/4482158?source1=aisle&source2=538&source3=538&impressionId=de794527-297f-4f39-be6c-f7da976afb04",
   "FIELD9": ""
 },
 {
   "category": "Household",
   "subcategory": "Cleaning Products",
   "name": "365 Wild Orange All Purpose Cleaner",
   "price": "3.29",
   "description": "32 fl oz�",
   "image": "https://d2lnr5mha7bycj.cloudfront.net/product-image/file/large_5d97826d-f36b-4861-a847-c1a36a6d0a2f.jpg",
   "Image 2": "",
   "Product Link": "https://www.instacart.com/store/items/9534160?source1=aisle&source2=538&source3=538&impressionId=52c84754-ea80-4fee-9850-e3100740f21d",
   "FIELD9": ""
 },
 {
   "category": "Household",
   "subcategory": "Cleaning Products",
   "name": "Seventh Generation Lemongrass Citrus Scent Disinfecting Wipes",
   "price": "4.69",
   "description": "35 ct�",
   "image": "https://d2lnr5mha7bycj.cloudfront.net/product-image/file/large_471d048f-bc7a-47e0-91b8-82384e2ece94.jpg",
   "Image 2": "",
   "Product Link": "https://www.instacart.com/store/items/4518531?source1=aisle&source2=538&source3=538&impressionId=6e283574-cb0e-41ec-a1d4-4631496b3f22",
   "FIELD9": ""
 },
 {
   "category": "Household",
   "subcategory": "Cleaning Products",
   "name": "Mrs. Meyer's Clean Day Lavender Scent Multi-Surface Cleaner",
   "price": "4.69",
   "description": "16 fl oz�",
   "image": "https://d2lnr5mha7bycj.cloudfront.net/product-image/file/large_addb006c-fe10-417f-88d0-36525cf77db7.jpg",
   "Image 2": "",
   "Product Link": "https://www.instacart.com/store/items/4499767?source1=aisle&source2=538&source3=538&impressionId=9d1d6bb4-c58d-42c3-bcda-d9b5ae5b1aff",
   "FIELD9": ""
 },
 {
   "category": "Household",
   "subcategory": "Cleaning Products",
   "name": "Twist Naked Sponges - 2 CT",
   "price": "2.99",
   "description": "2.0 ct�",
   "image": "https://d2lnr5mha7bycj.cloudfront.net/product-image/file/large_942e5b8a-e056-4b29-b5d6-db9333dc0fd3.jpg",
   "Image 2": "",
   "Product Link": "https://www.instacart.com/store/items/4539606?source1=aisle&source2=538&source3=538&impressionId=feaca313-55f8-4d5d-be25-d722e318148a",
   "FIELD9": ""
 },
 {
   "category": "Household",
   "subcategory": "Cleaning Products",
   "name": "Twist Scrub Sponge - 3 CT",
   "price": "3.99",
   "description": "3.0 ct�",
   "image": "https://d2lnr5mha7bycj.cloudfront.net/product-image/file/large_48d857df-60c8-432f-a441-0f173be99eee.jpg",
   "Image 2": "",
   "Product Link": "https://www.instacart.com/store/items/4542416?source1=aisle&source2=538&source3=538&impressionId=a382f699-3bd3-4158-8aa4-30dee6278448",
   "FIELD9": ""
 },
 {
   "category": "Household",
   "subcategory": "Cleaning Products",
   "name": "365 Unscented Glass Cleaner",
   "price": "3.99",
   "description": "32 fl oz�",
   "image": "https://d2lnr5mha7bycj.cloudfront.net/product-image/file/large_1449a733-0826-4f22-9634-76951ed2a650.jpg",
   "Image 2": "",
   "Product Link": "https://www.instacart.com/store/items/26959234?source1=aisle&source2=538&source3=538&impressionId=769ddb75-485c-4cd1-a827-71db74d7f611",
   "FIELD9": ""
 },
 {
   "category": "Household",
   "subcategory": "Cleaning Products",
   "name": "Earthworm Family-Safe Drain Cleaner",
   "price": "5.99",
   "description": "32.0 fl oz�",
   "image": "https://d2lnr5mha7bycj.cloudfront.net/product-image/file/large_997e996d-ca76-4176-9455-219d3c5302a8.jpg",
   "Image 2": "",
   "Product Link": "https://www.instacart.com/store/items/4523040?source1=aisle&source2=538&source3=538&impressionId=5c62403e-7e5a-4e30-9686-b5f05b52c53e",
   "FIELD9": ""
 },
 {
   "category": "Household",
   "subcategory": "Cleaning Products",
   "name": "Method Squirt & Mop Ginger Yuzu Floor Cleaner",
   "price": "7.49",
   "description": "25 oz�",
   "image": "https://d2lnr5mha7bycj.cloudfront.net/product-image/file/large_e2a9870d-42b9-4bfc-80a2-9c6b3f25ae48.jpg",
   "Image 2": "",
   "Product Link": "https://www.instacart.com/store/items/24988614?source1=aisle&source2=538&source3=538&impressionId=3de1b8a4-2f6e-4597-b416-7238fe5b968b",
   "FIELD9": ""
 },
 {
   "category": "Household",
   "subcategory": "Cleaning Products",
   "name": "If You Care Medium Household Gloves",
   "price": "4.49",
   "description": "2 ct�",
   "image": "https://d2lnr5mha7bycj.cloudfront.net/product-image/file/large_596564b8-1cd8-4b08-94fe-bb5a44559ff2.jpg",
   "Image 2": "",
   "Product Link": "https://www.instacart.com/store/items/4574552?source1=aisle&source2=538&source3=538&impressionId=9b78c122-f39e-49e8-9b4a-8d82a61d97fb",
   "FIELD9": ""
 },
 {
   "category": "Household",
   "subcategory": "Cleaning Products",
   "name": "Whole Foods Market Organic Minty Fresh Surface Cleaning Wipes",
   "price": "4.99",
   "description": "35 ct�",
   "image": "https://d2lnr5mha7bycj.cloudfront.net/product-image/file/large_8b256c5c-9428-486a-8cd9-80823452f7de.jpg",
   "Image 2": "",
   "Product Link": "https://www.instacart.com/store/items/8468349?source1=aisle&source2=538&source3=538&impressionId=53db77a1-8846-40dc-9326-fcb662fbce17",
   "FIELD9": ""
 },
 {
   "category": "Household",
   "subcategory": "Cleaning Products",
   "name": "Seventh Generation Free & Clear Natural Dish Liquid",
   "price": "5.99",
   "description": "50 fl oz�",
   "image": "https://d2lnr5mha7bycj.cloudfront.net/product-image/file/large_3004d45d-d3f9-4d56-b3aa-873201ecc8ea.jpg",
   "Image 2": "",
   "Product Link": "https://www.instacart.com/store/items/4491639?source1=aisle&source2=538&source3=538&impressionId=1dcdd695-6184-49eb-9fee-c54153365043",
   "FIELD9": ""
 },
 {
   "category": "Household",
   "subcategory": "Cleaning Products",
   "name": "Seventh Generation Disinfecting Lemongrass Citrus Scent Bathroom Cleaner",
   "price": "4.69",
   "description": "26 fl oz�",
   "image": "https://d2lnr5mha7bycj.cloudfront.net/product-image/file/large_2d04684d-9d61-46b4-9af4-8526b3e06f9e.jpg",
   "Image 2": "",
   "Product Link": "https://www.instacart.com/store/items/4526344?source1=aisle&source2=538&source3=538&impressionId=f483fae4-bb7d-4ae1-96da-0d75ec347dff",
   "FIELD9": ""
 },
 {
   "category": "Household",
   "subcategory": "Dish Detergents",
   "name": "Mrs. Meyer's Lemon Verbena Dish Soap",
   "price": "4.69",
   "description": "16 oz�",
   "image": "https://d2lnr5mha7bycj.cloudfront.net/product-image/file/large_ae1bd3bf-d57f-447d-b34d-8cc79ab1b270.jpg",
   "Image 2": "",
   "Product Link": "https://www.instacart.com/store/items/4521903?source1=aisle&source2=3635&source3=3635&impressionId=5af6546a-de61-4c3a-9232-7a7cb39e9449",
   "FIELD9": ""
 },
 {
   "category": "Household",
   "subcategory": "Dish Detergents",
   "name": "Seventh Generation Natural Free & Clear Dish Liquid",
   "price": "3.49",
   "description": "25 oz�",
   "image": "https://d2lnr5mha7bycj.cloudfront.net/product-image/file/large_fe2fa542-ada9-4476-a733-029e2274e6c5.jpg",
   "Image 2": "",
   "Product Link": "https://www.instacart.com/store/items/4490854?source1=aisle&source2=3635&source3=3635&impressionId=b9580261-df7f-43ad-bca7-39bef14682cd",
   "FIELD9": ""
 },
 {
   "category": "Household",
   "subcategory": "Dish Detergents",
   "name": "365 Citrus Dish Soap",
   "price": "3.29",
   "description": "25 fl oz�",
   "image": "https://d2lnr5mha7bycj.cloudfront.net/product-image/file/large_addd1ac0-9714-4ebc-aced-0ba5c63d499c.jpg",
   "Image 2": "",
   "Product Link": "https://www.instacart.com/store/items/22393759?source1=aisle&source2=3635&source3=3635&impressionId=7830ca51-0ac4-4d87-886e-e084c3c7ed68",
   "FIELD9": ""
 },
 {
   "category": "Household",
   "subcategory": "Dish Detergents",
   "name": "Seventh Generation Free & Clear Dishwasher Detergent Gel",
   "price": "5.99",
   "description": "42 oz�",
   "image": "https://d2lnr5mha7bycj.cloudfront.net/product-image/file/large_92e11e03-63f5-4786-b9c0-ce47bea9a179.jpg",
   "Image 2": "",
   "Product Link": "https://www.instacart.com/store/items/4492494?source1=aisle&source2=3635&source3=3635&impressionId=2882747e-c44f-4f40-b835-63d8a4136278",
   "FIELD9": ""
 },
 {
   "category": "Household",
   "subcategory": "Dish Detergents",
   "name": "Seventh Generation Natural Lavender Floral & Mint Dish Liquid",
   "price": "3.49",
   "description": "25 fl oz�",
   "image": "https://d2lnr5mha7bycj.cloudfront.net/product-image/file/large_39db42bf-ab0d-4311-bb34-671db8d807ad.jpg",
   "Image 2": "",
   "Product Link": "https://www.instacart.com/store/items/4490584?source1=aisle&source2=3635&source3=3635&impressionId=bb541365-40c3-4662-8a56-06a64cad8462",
   "FIELD9": ""
 },
 {
   "category": "Household",
   "subcategory": "Dish Detergents",
   "name": "Mrs. Meyer's Mrs. Meyers Clean Day Liquid Dish Soap Lavender",
   "price": "4.69",
   "description": "16 oz�",
   "image": "https://d2lnr5mha7bycj.cloudfront.net/product-image/file/large_40ddd97c-a3f7-40ba-b67b-d57b1e6030f8.jpg",
   "Image 2": "",
   "Product Link": "https://www.instacart.com/store/items/4522501?source1=aisle&source2=3635&source3=3635&impressionId=c57349e7-c54f-404c-b178-8d09df714cc1",
   "FIELD9": ""
 },
 {
   "category": "Household",
   "subcategory": "Dish Detergents",
   "name": "Seventh Generation Free & Clear Dishwasher Detergent Packs",
   "price": "6.99",
   "description": "20 ct�",
   "image": "https://d2lnr5mha7bycj.cloudfront.net/product-image/file/large_ed30cd89-631b-4f72-a644-b834a9a9e293.jpg",
   "Image 2": "",
   "Product Link": "https://www.instacart.com/store/items/4527096?source1=aisle&source2=3635&source3=3635&impressionId=2b1156c1-07a7-4975-8621-8e7631fca786",
   "FIELD9": ""
 },
 {
   "category": "Household",
   "subcategory": "Dish Detergents",
   "name": "365 Lemon Scented Dishwasher Detergent Pods",
   "price": "4.69",
   "description": "20 ct�",
   "image": "https://d2lnr5mha7bycj.cloudfront.net/product-image/file/large_21585d0d-2f9d-4b9d-b9ff-16f810515bef.jpg",
   "Image 2": "",
   "Product Link": "https://www.instacart.com/store/items/16808851?source1=aisle&source2=3635&source3=3635&impressionId=f6204473-4dbc-4c07-b274-fea6a7cf2a8d",
   "FIELD9": ""
 },
 {
   "category": "Household",
   "subcategory": "Dish Detergents",
   "name": "365 Unscented Dishwasher Detergent Packs",
   "price": "4.69",
   "description": "20 ct�",
   "image": "https://d2lnr5mha7bycj.cloudfront.net/product-image/file/large_68462d71-75f3-4c4f-968f-1481b39e3279.jpg",
   "Image 2": "",
   "Product Link": "https://www.instacart.com/store/items/24362531?source1=aisle&source2=3635&source3=3635&impressionId=e5fe0337-98e1-492e-b93a-e610120bdf9d",
   "FIELD9": ""
 },
 {
   "category": "Household",
   "subcategory": "Dish Detergents",
   "name": "Seventh Generation Natural Clementine Zest & Lemongrass Scent Dish Liquid",
   "price": "3.49",
   "description": "25 oz�",
   "image": "https://d2lnr5mha7bycj.cloudfront.net/product-image/file/large_d8a75fbe-4332-406d-9b6c-834f32795db0.jpg",
   "Image 2": "",
   "Product Link": "https://www.instacart.com/store/items/4491138?source1=aisle&source2=3635&source3=3635&impressionId=d6da955b-5530-4c0d-9a46-231138073fd4",
   "FIELD9": ""
 },
 {
   "category": "Household",
   "subcategory": "Dish Detergents",
   "name": "Method Ginger Yuzu Scented Dish Soap",
   "price": "4.99",
   "description": "18 oz�",
   "image": "https://d2lnr5mha7bycj.cloudfront.net/product-image/file/large_ca1c34d6-e6ed-4039-9e6a-8a6084da4448.jpg",
   "Image 2": "",
   "Product Link": "https://www.instacart.com/store/items/4524613?source1=aisle&source2=3635&source3=3635&impressionId=70e02ed5-6d94-4eb2-a6c6-a0749f0bc514",
   "FIELD9": ""
 },
 {
   "category": "Household",
   "subcategory": "Dish Detergents",
   "name": "Mrs. Meyer's Clean Day Dish Soap Geranium Scent",
   "price": "4.69",
   "description": "16 oz�",
   "image": "https://d2lnr5mha7bycj.cloudfront.net/product-image/file/large_43cd1092-0afc-4359-a83e-94a44257e89d.jpg",
   "Image 2": "",
   "Product Link": "https://www.instacart.com/store/items/4521439?source1=aisle&source2=3635&source3=3635&impressionId=427fa56f-ab56-4595-917c-d1e051db1769",
   "FIELD9": ""
 },
 {
   "category": "Household",
   "subcategory": "Dish Detergents",
   "name": "Seventh Generation Lemon Scent Dishwasher Detergent Gel",
   "price": "5.99",
   "description": "42 oz�",
   "image": "https://d2lnr5mha7bycj.cloudfront.net/product-image/file/large_ae6e3dbf-986c-4915-9ed4-564f53a09a18.jpg",
   "Image 2": "",
   "Product Link": "https://www.instacart.com/store/items/4492127?source1=aisle&source2=3635&source3=3635&impressionId=b1201496-0807-4ab0-b376-836d3de8b7e0",
   "FIELD9": ""
 },
 {
   "category": "Household",
   "subcategory": "Dish Detergents",
   "name": "365 Fig & Pear Dish Soap",
   "price": "3.29",
   "description": "25 fl oz�",
   "image": "https://d2lnr5mha7bycj.cloudfront.net/product-image/file/large_42e9adfa-1d46-414a-9bdf-3c5fc82322ac.jpg",
   "Image 2": "",
   "Product Link": "https://www.instacart.com/store/items/15701660?source1=aisle&source2=3635&source3=3635&impressionId=ced0bb19-b690-4d50-b000-65a08ec622fa",
   "FIELD9": ""
 },
 {
   "category": "Household",
   "subcategory": "Dish Detergents",
   "name": "Ecover Automatic Dishwasher Tablets Citrus - 25 CT",
   "price": "6.99",
   "description": "17.6 oz�",
   "image": "https://d2lnr5mha7bycj.cloudfront.net/product-image/file/large_44619b82-5f4f-462a-8a0c-799917e4c0d5.jpg",
   "Image 2": "",
   "Product Link": "https://www.instacart.com/store/items/4495687?source1=aisle&source2=3635&source3=3635&impressionId=e476ba54-e1d5-4004-9de3-315eec2300dc",
   "FIELD9": ""
 },
 {
   "category": "Household",
   "subcategory": "Dish Detergents",
   "name": "Earth Friendly Products Ultra Dishmate Liquid Dishwashing Cleaner Natural Grapefruit",
   "price": "3.99",
   "description": "25 oz�",
   "image": "https://d2lnr5mha7bycj.cloudfront.net/product-image/file/large_5435745b-a97a-483d-9121-3207d98c8bd6.jpg",
   "Image 2": "",
   "Product Link": "https://www.instacart.com/store/items/4530643?source1=aisle&source2=3635&source3=3635&impressionId=22ccb735-0504-4b34-bf00-7dec3fbb7ca3",
   "FIELD9": ""
 },
 {
   "category": "Household",
   "subcategory": "Dish Detergents",
   "name": "If You Care Automatic Dishwasher Tablets",
   "price": "8.99",
   "description": "40 ct�",
   "image": "https://d2lnr5mha7bycj.cloudfront.net/product-image/file/large_37e4f587-e780-4bff-907c-3d7f01ec8176.jpg",
   "Image 2": "",
   "Product Link": "https://www.instacart.com/store/items/4541330?source1=aisle&source2=3635&source3=3635&impressionId=5c9a45d1-5697-431b-a66d-96db4399156a",
   "FIELD9": ""
 },
 {
   "category": "Household",
   "subcategory": "Dish Detergents",
   "name": "365 Everyday Value Unscented Dish Soap",
   "price": "3.29",
   "description": "25 fl oz�",
   "image": "https://d2lnr5mha7bycj.cloudfront.net/product-image/file/large_a818000b-cf53-44d9-856a-f4b85e9fbd74.jpg",
   "Image 2": "",
   "Product Link": "https://www.instacart.com/store/items/21925569?source1=aisle&source2=3635&source3=3635&impressionId=836dc05d-6c7a-41cf-858e-8a6a769fe85b",
   "FIELD9": ""
 },
 {
   "category": "Household",
   "subcategory": "Dish Detergents",
   "name": "Seventh Generation Natural Fresh Citrus & Ginger Dish Liquid",
   "price": "3.49",
   "description": "25 oz�",
   "image": "https://d2lnr5mha7bycj.cloudfront.net/product-image/file/large_4d246c0c-e5fe-4b48-8afd-b083c2bc8154.jpg",
   "Image 2": "",
   "Product Link": "https://www.instacart.com/store/items/4523552?source1=aisle&source2=3635&source3=3635&impressionId=173e01a4-834e-4da3-a70e-4b3233d1e339",
   "FIELD9": ""
 },
 {
   "category": "Household",
   "subcategory": "Dish Detergents",
   "name": "365 Automatic Dishwasher Rinse Aid Citrus",
   "price": "4.99",
   "description": "15.5 fl oz�",
   "image": "https://d2lnr5mha7bycj.cloudfront.net/product-image/file/large_c0b3f686-c6cd-43c6-a96e-495cb2f456ba.jpg",
   "Image 2": "",
   "Product Link": "https://www.instacart.com/store/items/26229717?source1=aisle&source2=3635&source3=3635&impressionId=dc95b8ef-c6ff-4e1a-9c07-4cbed78154fb",
   "FIELD9": ""
 },
 {
   "category": "Household",
   "subcategory": "Food Storage",
   "name": "365 Sandwich Storage Bags",
   "price": "2.68",
   "description": "100 ct�",
   "image": "https://d2lnr5mha7bycj.cloudfront.net/product-image/file/large_1e041b37-46e2-4362-b2c4-a9b6d99d2ade.jpg",
   "Image 2": "",
   "Product Link": "https://www.instacart.com/store/items/4518677?source1=aisle&source2=536&source3=536&impressionId=0a1d1a13-d321-4ef1-91fe-0327c311abf0",
   "FIELD9": ""
 },
 {
   "category": "Household",
   "subcategory": "Food Storage",
   "name": "365 75 sq ft Aluminum Foil",
   "price": "2.99",
   "description": "1 ct�",
   "image": "https://d2lnr5mha7bycj.cloudfront.net/product-image/file/large_b3246d10-de9b-4a27-a44a-27b10fbce17f.jpg",
   "Image 2": "",
   "Product Link": "https://www.instacart.com/store/items/4541765?source1=aisle&source2=536&source3=536&impressionId=76305838-1269-47cb-8a07-8fb5264d730c",
   "FIELD9": ""
 },
 {
   "category": "Household",
   "subcategory": "Food Storage",
   "name": "365 Parchment Paper",
   "price": "4.69",
   "description": "72 ft�",
   "image": "https://d2lnr5mha7bycj.cloudfront.net/product-image/file/large_a4c959cb-eab7-45e1-b141-56cddb49f4ba.jpg",
   "Image 2": "",
   "Product Link": "https://www.instacart.com/store/items/4544465?source1=aisle&source2=536&source3=536&impressionId=26cef54a-e9ba-4020-9ba0-357dea60dcac",
   "FIELD9": ""
 },
 {
   "category": "Household",
   "subcategory": "Food Storage",
   "name": "365 100% Recycled Aluminum Foil",
   "price": "2.99",
   "description": "50 ft�",
   "image": "https://d2lnr5mha7bycj.cloudfront.net/product-image/file/large_dba327ff-88f1-4af7-89c3-b1e4d94f8644.jpg",
   "Image 2": "",
   "Product Link": "https://www.instacart.com/store/items/4541970?source1=aisle&source2=536&source3=536&impressionId=ff34f484-fbad-4ecd-acac-211e2cf294aa",
   "FIELD9": ""
 },
 {
   "category": "Household",
   "subcategory": "Food Storage",
   "name": "365 Quart Slider Storage Bags",
   "price": "2.36",
   "description": "20 ct�",
   "image": "https://d2lnr5mha7bycj.cloudfront.net/product-image/file/large_298edf95-7051-4186-b2f3-861f85351f33.jpg",
   "Image 2": "",
   "Product Link": "https://www.instacart.com/store/items/4544640?source1=aisle&source2=536&source3=536&impressionId=0552ac5c-97a0-4989-97e2-3d0a8640f753",
   "FIELD9": ""
 },
 {
   "category": "Household",
   "subcategory": "Food Storage",
   "name": "365 Snack Bags",
   "price": "1.68",
   "description": "50 ct�",
   "image": "https://d2lnr5mha7bycj.cloudfront.net/product-image/file/large_d8690d67-b1a7-411f-99dd-c171b7d55a2c.jpg",
   "Image 2": "",
   "Product Link": "https://www.instacart.com/store/items/4518816?source1=aisle&source2=536&source3=536&impressionId=614f0a62-4856-4de9-b425-af532efe305e",
   "FIELD9": ""
 },
 {
   "category": "Household",
   "subcategory": "Food Storage",
   "name": "If You Care Paper Snack & Sandwich Bags - 48 CT",
   "price": "4.99",
   "description": "48 ct�",
   "image": "https://d2lnr5mha7bycj.cloudfront.net/product-image/file/large_86aed7c6-6b7d-4402-b1b0-b347833d756d.jpg",
   "Image 2": "",
   "Product Link": "https://www.instacart.com/store/items/4530907?source1=aisle&source2=536&source3=536&impressionId=0a3604c2-dbb5-4316-9a88-ad05c6145eca",
   "FIELD9": ""
 },
 {
   "category": "Household",
   "subcategory": "Food Storage",
   "name": "365 Quart Sized Double Zipper Storage Bags",
   "price": "4.99",
   "description": "50 ct�",
   "image": "https://d2lnr5mha7bycj.cloudfront.net/product-image/file/large_c0303369-cb87-4602-96ba-7e5009a63487.jpg",
   "Image 2": "",
   "Product Link": "https://www.instacart.com/store/items/4518546?source1=aisle&source2=536&source3=536&impressionId=a43bd7c8-a730-467c-8f9e-f81459a5e9ce",
   "FIELD9": ""
 },
 {
   "category": "Household",
   "subcategory": "Food Storage",
   "name": "If You Care 100% Recycled Aluminum Foil",
   "price": "5.49",
   "description": "1.0 ct�",
   "image": "https://d2lnr5mha7bycj.cloudfront.net/product-image/file/large_389a3b69-025e-4aeb-b1c2-65bb92141f55.jpg",
   "Image 2": "",
   "Product Link": "https://www.instacart.com/store/items/4542131?source1=aisle&source2=536&source3=536&impressionId=c61b2b8b-df85-4937-a2c0-4dc9185cca9a",
   "FIELD9": ""
 },
 {
   "category": "Household",
   "subcategory": "Food Storage",
   "name": "If You Care 100% Recycled Heavy Duty Aluminum Foil",
   "price": "5.49",
   "description": "30.0 sq ft�",
   "image": "https://d2lnr5mha7bycj.cloudfront.net/product-image/file/large_9d8cad81-0712-49bc-8ff8-7b1d6d007f0c.jpg",
   "Image 2": "",
   "Product Link": "https://www.instacart.com/store/items/4527138?source1=aisle&source2=536&source3=536&impressionId=e8da5ffd-965b-4c1f-a23f-65dbc6aa06f3",
   "FIELD9": ""
 },
 {
   "category": "Household",
   "subcategory": "Food Storage",
   "name": "If You Care 100% Recycled Heavy Duty Aluminum Foil",
   "price": "5.49",
   "description": "30.0 sq ft�",
   "image": "https://d2lnr5mha7bycj.cloudfront.net/product-image/file/large_9d8cad81-0712-49bc-8ff8-7b1d6d007f0c.jpg",
   "Image 2": "",
   "Product Link": "https://www.instacart.com/store/items/4527138?source1=aisle&source2=536&source3=536&impressionId=e8da5ffd-965b-4c1f-a23f-65dbc6aa06f3",
   "FIELD9": ""
 },
 {
   "category": "Household",
   "subcategory": "Food Storage",
   "name": "BioBag Food Storage Resealable Bags",
   "price": "4.99",
   "description": "20 x 1 qt�",
   "image": "https://d2lnr5mha7bycj.cloudfront.net/product-image/file/large_b0ee3d3f-d7fa-4629-9a30-2ccf0ecbb5d9.jpg",
   "Image 2": "",
   "Product Link": "https://www.instacart.com/store/items/4544196?source1=aisle&source2=536&source3=536&impressionId=621bbda6-7c1f-4cd6-9710-ab9fc0bf5eff",
   "FIELD9": ""
 },
 {
   "category": "Household",
   "subcategory": "Food Storage",
   "name": "Preserve Food Storage with Lids - 2 PK",
   "price": "6.79",
   "description": "2 ct�",
   "image": "https://d2lnr5mha7bycj.cloudfront.net/product-image/file/large_2963e21c-aaf9-4e62-8f94-4d20615cee52.jpg",
   "Image 2": "",
   "Product Link": "https://www.instacart.com/store/items/4532794?source1=aisle&source2=536&source3=536&impressionId=cd884eff-467f-4fb7-8848-cbacbf9f0b79",
   "FIELD9": ""
 },
 {
   "category": "Household",
   "subcategory": "Food Storage",
   "name": "Sistema Snack Attack 13.8 oz To Go Plastic Food Container",
   "price": "6.99",
   "description": "",
   "image": "https://d2lnr5mha7bycj.cloudfront.net/product-image/file/large_131149d5-06de-4bc2-a3a3-8ba5742901c0.jpg",
   "Image 2": "",
   "Product Link": "https://www.instacart.com/store/items/30868010?source1=aisle&source2=536&source3=536&impressionId=77c7c4cc-373b-47c9-810f-dabb4bee8ea1",
   "FIELD9": ""
 },
 {
   "category": "Household",
   "subcategory": "Food Storage",
   "name": "If You Care Paper Cake & Pie Pans",
   "price": "5.99",
   "description": "4 ct�",
   "image": "https://d2lnr5mha7bycj.cloudfront.net/product-image/file/large_ff985393-1e9f-4181-9113-20f105c92ec6.jpg",
   "Image 2": "",
   "Product Link": "https://www.instacart.com/store/items/4530887?source1=aisle&source2=536&source3=536&impressionId=90cb86f3-84b8-48f0-9f42-501f76619d30",
   "FIELD9": ""
 },
 {
   "category": "Household",
   "subcategory": "Food Storage",
   "name": "Bewise Earthwise Reusable Mesh Produce Sacks- 3 CT",
   "price": "3.99",
   "description": "1.0 ct�",
   "image": "https://d2lnr5mha7bycj.cloudfront.net/product-image/file/large_f76ba5e5-1462-497a-9282-3412b78f5a37.jpg",
   "Image 2": "",
   "Product Link": "https://www.instacart.com/store/items/27687795?source1=aisle&source2=536&source3=536&impressionId=ee6b96a5-b119-4ff2-abfa-6a1fd9455baf",
   "FIELD9": ""
 },
 {
   "category": "Household",
   "subcategory": "Food Storage",
   "name": "Trudeau FUEL Snack and Dip",
   "price": "4.99",
   "description": "1 count�",
   "image": "https://d2lnr5mha7bycj.cloudfront.net/product-image/file/large_3eee6c71-6933-43d9-b34d-ddc739d28f1b.jpg",
   "Image 2": "",
   "Product Link": "https://www.instacart.com/store/items/32436269?source1=aisle&source2=536&source3=536&impressionId=54ea46b7-f719-4039-b2c0-9d3cc63f957b",
   "FIELD9": ""
 },
 {
   "category": "Household",
   "subcategory": "Food Storage",
   "name": "Klean Kanteen Black Sport Cap 3.0 Bottle Cap",
   "price": "6.99",
   "description": "",
   "image": "https://d2lnr5mha7bycj.cloudfront.net/product-image/file/large_fcf4557a-5ac8-40af-b2d7-1f09af7db215.jpg",
   "Image 2": "",
   "Product Link": "https://www.instacart.com/store/items/4499046?source1=aisle&source2=536&source3=536&impressionId=92a72408-7bb5-47f8-be4b-f2bcb32f545e",
   "FIELD9": ""
 },
 {
   "category": "Household",
   "subcategory": "Food Storage",
   "name": "New Wave Enviro Products Refrigerator Bottle",
   "price": "20.99",
   "description": "2 gal�",
   "image": "https://d2lnr5mha7bycj.cloudfront.net/product-image/file/large_a75ae703-1628-4826-b89a-a8ddf3f7ee83.jpg",
   "Image 2": "",
   "Product Link": "https://www.instacart.com/store/items/4518572?source1=aisle&source2=536&source3=536&impressionId=288fa603-cf0f-4c22-acfa-2bbee152b129",
   "FIELD9": ""
 },
 {
   "category": "Household",
   "subcategory": "Food Storage",
   "name": "R Ideas Berry Basket",
   "price": "3.99",
   "description": "",
   "image": "https://d2lnr5mha7bycj.cloudfront.net/product-image/file/large_ddcb9b2e-519e-43ed-ba50-8428d707998b.jpg",
   "Image 2": "",
   "Product Link": "https://www.instacart.com/store/items/31338009?source1=aisle&source2=536&source3=536&impressionId=4841cccb-11a9-4545-bb84-03735abc4d6c",
   "FIELD9": ""
 },
 {
   "category": "Household",
   "subcategory": "Plates, Bowls, Cups & Flatware",
   "name": "World Centric 9 Inch Plates",
   "price": "3.99",
   "description": "20 ct�",
   "image": "https://d2lnr5mha7bycj.cloudfront.net/product-image/file/large_413af62a-b053-4894-9c1a-229656dc7e84.jpg",
   "Image 2": "",
   "Product Link": "https://www.instacart.com/store/items/4522426?source1=aisle&source2=3637&source3=3637&impressionId=9e06d520-b752-48d9-8392-6befc6f7cfac",
   "FIELD9": ""
 },
 {
   "category": "Household",
   "subcategory": "Plates, Bowls, Cups & Flatware",
   "name": "365 Recyclable Plastic Cups 9 fl oz",
   "price": "3.39",
   "description": "20 ct�",
   "image": "https://d2lnr5mha7bycj.cloudfront.net/product-image/file/large_487b2ede-c4ef-4af0-bddb-9f4f9a652f5d.jpg",
   "Image 2": "",
   "Product Link": "https://www.instacart.com/store/items/22248856?source1=aisle&source2=3637&source3=3637&impressionId=23f38522-dddf-4263-8265-e59c59f3693a",
   "FIELD9": ""
 },
 {
   "category": "Household",
   "subcategory": "Plates, Bowls, Cups & Flatware",
   "name": "World Centric 11.5oz Bowls",
   "price": "2.39",
   "description": "20 ct�",
   "image": "https://d2lnr5mha7bycj.cloudfront.net/product-image/file/large_285cf3e4-ccfb-464d-8c65-259186bb3fa0.jpg",
   "Image 2": "",
   "Product Link": "https://www.instacart.com/store/items/4522298?source1=aisle&source2=3637&source3=3637&impressionId=476049e7-a581-472b-bd7e-8c7b6087639f",
   "FIELD9": ""
 },
 {
   "category": "Household",
   "subcategory": "Plates, Bowls, Cups & Flatware",
   "name": "World Centric Assorted Plastic Flatware",
   "price": "2.99",
   "description": "24 ct�",
   "image": "https://d2lnr5mha7bycj.cloudfront.net/product-image/file/large_3e3b668f-ffad-464c-b9dd-4d4039648cca.jpg",
   "Image 2": "",
   "Product Link": "https://www.instacart.com/store/items/4522562?source1=aisle&source2=3637&source3=3637&impressionId=051f0c33-8bba-42e9-b650-4c9fe84a4cf0",
   "FIELD9": ""
 },
 {
   "category": "Household",
   "subcategory": "Plates, Bowls, Cups & Flatware",
   "name": "Preserve Cutlery Apple Green - 8 PK",
   "price": "5.49",
   "description": "24 ct�",
   "image": "https://d2lnr5mha7bycj.cloudfront.net/product-image/file/large_4e4e03f3-6656-484c-8641-42ed754f01dd.jpg",
   "Image 2": "",
   "Product Link": "https://www.instacart.com/store/items/4524596?source1=aisle&source2=3637&source3=3637&impressionId=4e22ad78-e662-4f23-90a8-7314ccd9a319",
   "FIELD9": ""
 },
 {
   "category": "Household",
   "subcategory": "Plates, Bowls, Cups & Flatware",
   "name": "Natural Value Microwave Safe Paper Cups",
   "price": "5.99",
   "description": "60 x 9 fl oz�",
   "image": "https://d2lnr5mha7bycj.cloudfront.net/product-image/file/large_5b562b95-1cc0-4eb9-bbf2-38f7fb3353df.jpg",
   "Image 2": "",
   "Product Link": "https://www.instacart.com/store/items/4475818?source1=aisle&source2=3637&source3=3637&impressionId=aa465d8b-6fa9-40c9-ac50-3a0736e0660c",
   "FIELD9": ""
 },
 {
   "category": "Household",
   "subcategory": "Plates, Bowls, Cups & Flatware",
   "name": "Diamond G Round Toothpicks",
   "price": "2.39",
   "description": "250 ct�",
   "image": "https://d2lnr5mha7bycj.cloudfront.net/product-image/file/large_f2b5e3d2-6a55-4abe-a42f-22c19d8cf54d.jpg",
   "Image 2": "",
   "Product Link": "https://www.instacart.com/store/items/4471198?source1=aisle&source2=3637&source3=3637&impressionId=a994cb1c-2adf-4cf9-90ba-883066b81701",
   "FIELD9": ""
 },
 {
   "category": "Household",
   "subcategory": "Plates, Bowls, Cups & Flatware",
   "name": "Repurpose Compostable 12 oz Insulated Hot Cups & Lids",
   "price": "4.99",
   "description": "12 ct�",
   "image": "https://d2lnr5mha7bycj.cloudfront.net/product-image/file/large_83325b04-c405-418f-97ed-703e1e105625.jpg",
   "Image 2": "",
   "Product Link": "https://www.instacart.com/store/items/4496856?source1=aisle&source2=3637&source3=3637&impressionId=715fc7a2-6bfc-4fac-b643-715ec2cedce3",
   "FIELD9": ""
 },
 {
   "category": "Household",
   "subcategory": "Plates, Bowls, Cups & Flatware",
   "name": "Whole Foods Market Green Mission Plates 10in",
   "price": "2.69",
   "description": "12 ct�",
   "image": "https://d2lnr5mha7bycj.cloudfront.net/product-image/file/large_8ff321f7-08e0-4640-bd33-beeb881bacbf.jpg",
   "Image 2": "",
   "Product Link": "https://www.instacart.com/store/items/4573446?source1=aisle&source2=3637&source3=3637&impressionId=df897402-d9b4-4d25-bf60-838b55f11700",
   "FIELD9": ""
 },
 {
   "category": "Household",
   "subcategory": "Plates, Bowls, Cups & Flatware",
   "name": "Preserve Mint Tea Tree Flavored Toothpicks",
   "price": "2.49",
   "description": "35 ct�",
   "image": "https://d2lnr5mha7bycj.cloudfront.net/product-image/file/large_2b9f24ce-b548-4d6d-9095-ddaa7d526b24.jpg",
   "Image 2": "",
   "Product Link": "https://www.instacart.com/store/items/4474331?source1=aisle&source2=3637&source3=3637&impressionId=5072ce66-5af2-43bf-ae19-3328685ac0e4",
   "FIELD9": ""
 },
 {
   "category": "Household",
   "subcategory": "Plates, Bowls, Cups & Flatware",
   "name": "Susty Party 12 Oz Light Green Bowls",
   "price": "4.67",
   "description": "8 ct�",
   "image": "https://d2lnr5mha7bycj.cloudfront.net/product-image/file/large_6c84680a-7ed6-46d0-98c7-2183b8d306cc.jpg",
   "Image 2": "",
   "Product Link": "https://www.instacart.com/store/items/4541213?source1=aisle&source2=3637&source3=3637&impressionId=a2e91759-d062-43b7-9ae3-82195863e564",
   "FIELD9": ""
 },
 {
   "category": "Household",
   "subcategory": "Plates, Bowls, Cups & Flatware",
   "name": "Susty Party 10\" Light Blue Plates",
   "price": "6.97",
   "description": "8 ct�",
   "image": "https://d2lnr5mha7bycj.cloudfront.net/product-image/file/large_0db53a4d-139e-49a2-82d5-616027d17109.jpg",
   "Image 2": "",
   "Product Link": "https://www.instacart.com/store/items/4521746?source1=aisle&source2=3637&source3=3637&impressionId=8500a594-c088-40d4-bdc4-2c633d379b9a",
   "FIELD9": ""
 },
 {
   "category": "Household",
   "subcategory": "Plates, Bowls, Cups & Flatware",
   "name": "Susty Party 7\" Light Blue Plates",
   "price": "4.67",
   "description": "8 ct�",
   "image": "https://d2lnr5mha7bycj.cloudfront.net/product-image/file/large_455f71ef-e797-4757-8106-494d4e291f00.jpg",
   "Image 2": "",
   "Product Link": "https://www.instacart.com/store/items/4521629?source1=aisle&source2=3637&source3=3637&impressionId=a04ed0eb-6ee7-4cae-8cd3-f0867d281415",
   "FIELD9": ""
 },
 {
   "category": "Household",
   "subcategory": "Plates, Bowls, Cups & Flatware",
   "name": "Klean Kanteen 27oz. Stainless Bottle W/ Sport Cap",
   "price": "22.99",
   "description": "1 ct�",
   "image": "https://d2lnr5mha7bycj.cloudfront.net/product-image/file/large_0a3d950f-38ee-4b00-a512-aac7b5c13857.jpg",
   "Image 2": "",
   "Product Link": "https://www.instacart.com/store/items/27597257?source1=aisle&source2=3637&source3=3637&impressionId=fc054deb-303d-4f41-aeff-53efa63af0bb",
   "FIELD9": ""
 },
 {
   "category": "Household",
   "subcategory": "Plates, Bowls, Cups & Flatware",
   "name": "Klean Kanteen Stainless Bottle with Sport Cap, 27 oz.",
   "price": "22.99",
   "description": "",
   "image": "https://d2lnr5mha7bycj.cloudfront.net/product-image/file/large_698644d0-bfa8-47ed-ac91-90253f7b352d.png",
   "Image 2": "",
   "Product Link": "https://www.instacart.com/store/items/32418345?source1=aisle&source2=3637&source3=3637&impressionId=58a00271-afb8-4483-a935-087b8bc654e4",
   "FIELD9": ""
 },
 {
   "category": "Household",
   "subcategory": "Plates, Bowls, Cups & Flatware",
   "name": "Klean Kanteen 20oz. Stainless Insulated Bottle",
   "price": "32.99",
   "description": "1 ct�",
   "image": "https://d2lnr5mha7bycj.cloudfront.net/product-image/file/large_06b3b7bf-0f96-4f2e-b0ac-2577d7313f95.jpg",
   "Image 2": "",
   "Product Link": "https://www.instacart.com/store/items/32418698?source1=aisle&source2=3637&source3=3637&impressionId=79c054d0-17cc-4d3f-928b-971fc898d06f",
   "FIELD9": ""
 },
 {
   "category": "Household",
   "subcategory": "Plates, Bowls, Cups & Flatware",
   "name": "Paper Products Large Plate",
   "price": "6.99",
   "description": "",
   "image": "https://d2guulkeunn7d8.cloudfront.net/assets/missing-item-0ca47424f272dd3909349f67e9661183.png",
   "Image 2": "",
   "Product Link": "https://www.instacart.com/store/items/4602871?source1=aisle&source2=3637&source3=3637&impressionId=dee787dc-2af1-4230-946f-acd4c464a216",
   "FIELD9": ""
 },
 {
   "category": "Household",
   "subcategory": "Plates, Bowls, Cups & Flatware",
   "name": "iSi Easy Whip 1-Pint Cream Whipper",
   "price": "62.99",
   "description": "1.00 each�",
   "image": "https://d2guulkeunn7d8.cloudfront.net/assets/missing-item-0ca47424f272dd3909349f67e9661183.png",
   "Image 2": "",
   "Product Link": "https://www.instacart.com/store/items/65218157?source1=aisle&source2=3637&source3=3637&impressionId=4b521548-e3cd-4ae6-88ae-35ca298d252b",
   "FIELD9": ""
 },
 {
   "category": "Household",
   "subcategory": "Kitchen Supplies",
   "name": "365 Sandwich Storage Bags",
   "price": "2.68",
   "description": "100 ct�",
   "image": "https://d2lnr5mha7bycj.cloudfront.net/product-image/file/large_1e041b37-46e2-4362-b2c4-a9b6d99d2ade.jpg",
   "Image 2": "",
   "Product Link": "https://www.instacart.com/store/items/4518677?source1=aisle&source2=1340&source3=1340&impressionId=2a651a1d-6488-4567-9aa7-c5b245534bf9",
   "FIELD9": ""
 },
 {
   "category": "Household",
   "subcategory": "Kitchen Supplies",
   "name": "365 75 sq ft Aluminum Foil",
   "price": "2.99",
   "description": "1 ct�",
   "image": "https://d2lnr5mha7bycj.cloudfront.net/product-image/file/large_b3246d10-de9b-4a27-a44a-27b10fbce17f.jpg",
   "Image 2": "",
   "Product Link": "https://www.instacart.com/store/items/4541765?source1=aisle&source2=1340&source3=1340&impressionId=27b26cda-b237-4573-8a01-3768bf807214",
   "FIELD9": ""
 },
 {
   "category": "Household",
   "subcategory": "Kitchen Supplies",
   "name": "365 Parchment Paper",
   "price": "4.69",
   "description": "72 ft�",
   "image": "https://d2lnr5mha7bycj.cloudfront.net/product-image/file/large_a4c959cb-eab7-45e1-b141-56cddb49f4ba.jpg",
   "Image 2": "",
   "Product Link": "https://www.instacart.com/store/items/4544465?source1=aisle&source2=1340&source3=1340&impressionId=21ec56df-f38f-406a-b4a6-be5dd92f68f0",
   "FIELD9": ""
 },
 {
   "category": "Household",
   "subcategory": "Kitchen Supplies",
   "name": "365 200 sq ft Plastic Wrap",
   "price": "2.99",
   "description": "1 ct�",
   "image": "https://d2lnr5mha7bycj.cloudfront.net/product-image/file/large_3081e876-16f7-4e39-9463-f6aa1d46ae49.jpg",
   "Image 2": "",
   "Product Link": "https://www.instacart.com/store/items/4544632?source1=aisle&source2=1340&source3=1340&impressionId=6ce8a394-087d-4dec-b6bf-06fbfc02c01f",
   "FIELD9": ""
 },
 {
   "category": "Household",
   "subcategory": "Kitchen Supplies",
   "name": "365 Aluminum Foil",
   "price": "7.99",
   "description": "200 sq ft",
   "image": "https://d2lnr5mha7bycj.cloudfront.net/product-image/file/large_0a6d8c93-dcc5-403f-b910-ec373631d825.jpg",
   "Image 2": "",
   "Product Link": "https://www.instacart.com/store/items/4541691?source1=aisle&source2=1340&source3=1340&impressionId=b9e312b9-e40a-49a2-a5f6-1e7bc26847f2",
   "FIELD9": ""
 },
 {
   "category": "Household",
   "subcategory": "Kitchen Supplies",
   "name": "HimalaSalt Primordial Himalayan Sea Salt",
   "price": "6.99",
   "description": "6 oz�",
   "image": "https://d2lnr5mha7bycj.cloudfront.net/product-image/file/large_5133cc28-7b45-4cbc-93d8-263f88863170.jpg",
   "Image 2": "",
   "Product Link": "https://www.instacart.com/store/items/14009305?source1=aisle&source2=1340&source3=1340&impressionId=916dc433-f9ae-432b-a1fd-15f764274020",
   "FIELD9": ""
 },
 {
   "category": "Household",
   "subcategory": "Kitchen Supplies",
   "name": "365 Wax Paper",
   "price": "1.99",
   "description": "75 ft�",
   "image": "https://d2lnr5mha7bycj.cloudfront.net/product-image/file/large_7daed25f-d541-4c19-b399-a99a183f42d1.jpg",
   "Image 2": "",
   "Product Link": "https://www.instacart.com/store/items/4544409?source1=aisle&source2=1340&source3=1340&impressionId=1933baec-9914-4fa6-8cde-371d91c0c655",
   "FIELD9": ""
 },
 {
   "category": "Household",
   "subcategory": "Kitchen Supplies",
   "name": "Whole Foods Market Green Mission Plates 10in",
   "price": "2.69",
   "description": "12 ct�",
   "image": "https://d2lnr5mha7bycj.cloudfront.net/product-image/file/large_8ff321f7-08e0-4640-bd33-beeb881bacbf.jpg",
   "Image 2": "",
   "Product Link": "https://www.instacart.com/store/items/4573446?source1=aisle&source2=1340&source3=1340&impressionId=b64415dd-a205-4d43-8a84-615e0a793ff3",
   "FIELD9": ""
 },
 {
   "category": "Household",
   "subcategory": "Kitchen Supplies",
   "name": "Majestic Chef Natural Cheesecloth 100% Cotton",
   "price": "2.99",
   "description": "2 yd�",
   "image": "https://d2lnr5mha7bycj.cloudfront.net/product-image/file/large_e5a93cb1-5674-42f4-90ba-2fcc5a351829.jpg",
   "Image 2": "",
   "Product Link": "https://www.instacart.com/store/items/32418370?source1=aisle&source2=1340&source3=1340&impressionId=7e4f082e-b651-46d2-bc5f-1ba6a9dd15f8",
   "FIELD9": ""
 },
 {
   "category": "Household",
   "subcategory": "Kitchen Supplies",
   "name": "Natural Home Bamboo Skewers, 100 ct",
   "price": "2.99",
   "description": "",
   "image": "https://d2lnr5mha7bycj.cloudfront.net/product-image/file/large_d48dfc81-acd2-446d-9823-4ce1139de4c1.jpg",
   "Image 2": "",
   "Product Link": "https://www.instacart.com/store/items/32418344?source1=aisle&source2=1340&source3=1340&impressionId=ea8e0650-85b8-4766-a8ea-d578884ecbe6",
   "FIELD9": ""
 },
 {
   "category": "Household",
   "subcategory": "Kitchen Supplies",
   "name": "Preserve Food Storage Large Green",
   "price": "3.99",
   "description": "1.0 ct�",
   "image": "https://d2lnr5mha7bycj.cloudfront.net/product-image/file/large_4a195ba0-fa95-4e4c-9eaa-8f202a6cb8a1.jpg",
   "Image 2": "",
   "Product Link": "https://www.instacart.com/store/items/4534705?source1=aisle&source2=1340&source3=1340&impressionId=0356fc7e-b9cf-4f53-bffc-afa928eb6faf",
   "FIELD9": ""
 },
 {
   "category": "Household",
   "subcategory": "Kitchen Supplies",
   "name": "NatureZway Sponge, Bamboo",
   "price": "3.99",
   "description": "2.00 ea�",
   "image": "https://d2lnr5mha7bycj.cloudfront.net/product-image/file/large_fb0c3fd3-c596-412a-bdfd-fead1e1332fd.jpg",
   "Image 2": "",
   "Product Link": "https://www.instacart.com/store/items/33718129?source1=aisle&source2=1340&source3=1340&impressionId=c4d1bcf8-c410-406b-8080-d8890744e24c",
   "FIELD9": ""
 },
 {
   "category": "Household",
   "subcategory": "Kitchen Supplies",
   "name": "BlenderBottle 20 oz Blender Bottle",
   "price": "9.99",
   "description": "",
   "image": "https://d2lnr5mha7bycj.cloudfront.net/product-image/file/large_c4228fff-2416-4623-8108-085beff69793.jpg",
   "Image 2": "",
   "Product Link": "https://www.instacart.com/store/items/21372726?source1=aisle&source2=1340&source3=1340&impressionId=2f4695f8-03f1-4afc-b9bc-557571ff38bf",
   "FIELD9": ""
 },
 {
   "category": "Household",
   "subcategory": "Kitchen Supplies",
   "name": "Joie 14 Cube Ice Cube Tray",
   "price": "4.99",
   "description": "",
   "image": "https://d2lnr5mha7bycj.cloudfront.net/product-image/file/large_08660400-ba3b-4c1c-95fb-17aa1d7d502e.jpg",
   "Image 2": "",
   "Product Link": "https://www.instacart.com/store/items/32418362?source1=aisle&source2=1340&source3=1340&impressionId=bf99e8b7-154b-4070-a1c3-9e5ef339a370",
   "FIELD9": ""
 },
 {
   "category": "Household",
   "subcategory": "Kitchen Supplies",
   "name": "Zyliss Can Opener",
   "price": "18.99",
   "description": "1 ct�",
   "image": "https://d2lnr5mha7bycj.cloudfront.net/product-image/file/large_4c7049dd-0418-408f-91c8-82dce646ab2f.jpg",
   "Image 2": "",
   "Product Link": "https://www.instacart.com/store/items/4458631?source1=aisle&source2=1340&source3=1340&impressionId=908fa9ec-ef8a-4831-8e03-9af81541f1e9",
   "FIELD9": ""
 },
 {
   "category": "Household",
   "subcategory": "Kitchen Supplies",
   "name": "Culinary Elements Citrus Squeezer",
   "price": "5.99",
   "description": "",
   "image": "https://d2lnr5mha7bycj.cloudfront.net/product-image/file/large_229491b1-4e9c-4755-a8ad-ffaf4d4acd9c.jpg",
   "Image 2": "",
   "Product Link": "https://www.instacart.com/store/items/29471867?source1=aisle&source2=1340&source3=1340&impressionId=f76bfac7-c159-42a3-962e-de5b2eb2ec26",
   "FIELD9": ""
 },
 {
   "category": "Household",
   "subcategory": "Kitchen Supplies",
   "name": "Jo!e MSC Jo!e Roundy Egg Ring",
   "price": "3.99",
   "description": "1.0 ct�",
   "image": "https://d2lnr5mha7bycj.cloudfront.net/product-image/file/large_7c0bcd51-020d-4828-ad05-71a04ceef4df.jpg",
   "Image 2": "",
   "Product Link": "https://www.instacart.com/store/items/32418395?source1=aisle&source2=1340&source3=1340&impressionId=4109a518-dd91-47a0-8143-d8730349416d",
   "FIELD9": ""
 },
 {
   "category": "Household",
   "subcategory": "Kitchen Supplies",
   "name": "Natural Home Moboo Measuring Spoons (Charcoal)",
   "price": "6.99",
   "description": "",
   "image": "https://d2lnr5mha7bycj.cloudfront.net/product-image/file/large_80ff0802-a415-4a1f-9c35-264d105bfe37.jpg",
   "Image 2": "",
   "Product Link": "https://www.instacart.com/store/items/32418568?source1=aisle&source2=1340&source3=1340&impressionId=567bd69c-8a0f-4067-bdb1-8ce1e3d9cac5",
   "FIELD9": ""
 },
 {
   "category": "Household",
   "subcategory": "Kitchen Supplies",
   "name": "Oenophilia Corkscrew, Waiter's",
   "price": "5.99",
   "description": "1.00 ea�",
   "image": "https://d2lnr5mha7bycj.cloudfront.net/product-image/file/large_97344707-2ff6-487b-99a2-053dd4c4b9ec.jpg",
   "Image 2": "",
   "Product Link": "https://www.instacart.com/store/items/4460388?source1=aisle&source2=1340&source3=1340&impressionId=0fa07285-ced0-4b9b-b823-62d5258e6839",
   "FIELD9": ""
 },
 {
   "category": "Household",
   "subcategory": "Kitchen Supplies",
   "name": "Ekobrew Reusable Filter for Keurig Single Cup Brewers",
   "price": "14.99",
   "description": "1.0 ct�",
   "image": "https://d2lnr5mha7bycj.cloudfront.net/product-image/file/large_fc6da342-a44b-40b6-bf79-83b0a7c61954.jpg",
   "Image 2": "",
   "Product Link": "https://www.instacart.com/store/items/4505411?source1=aisle&source2=1340&source3=1340&impressionId=c994e118-4067-4ef5-bfe7-24f82807ff4a",
   "FIELD9": ""
 },
 {
   "category": "Household",
   "subcategory": "Laundry",
   "name": "Seventh Generation Natural Blue Eucalyptus & Lavender Laundry Detergent",
   "price": "14.99",
   "description": "100 oz�",
   "image": "https://d2lnr5mha7bycj.cloudfront.net/product-image/file/large_80b639c0-fcf8-4d75-a591-c97aa7c74d23.jpg",
   "Image 2": "",
   "Product Link": "https://www.instacart.com/store/items/4541197?source1=aisle&source2=537&source3=537&impressionId=d7b4b2ea-7743-4e26-a8eb-f010fe3838e9",
   "FIELD9": ""
 },
 {
   "category": "Household",
   "subcategory": "Laundry",
   "name": "Seventh Generation Natural Free & Clear Laundry Detergent",
   "price": "14.99",
   "description": "100 oz�",
   "image": "https://d2lnr5mha7bycj.cloudfront.net/product-image/file/large_494eb0ac-f5b1-4dc4-a63e-f28db21bdfec.jpg",
   "Image 2": "",
   "Product Link": "https://www.instacart.com/store/items/21678001?source1=aisle&source2=537&source3=537&impressionId=67aac730-df99-4d04-a0c0-d3cee8d42d14",
   "FIELD9": ""
 },
 {
   "category": "Household",
   "subcategory": "Laundry",
   "name": "Seventh Generation Free & Clear Natural Laundry Detergent",
   "price": "9.99",
   "description": "50 oz�",
   "image": "https://d2lnr5mha7bycj.cloudfront.net/product-image/file/large_226276ce-be82-45cf-90b4-b54539b8d4c9.JPG",
   "Image 2": "",
   "Product Link": "https://www.instacart.com/store/items/4490086?source1=aisle&source2=537&source3=537&impressionId=2df9fd1d-85d7-4d60-9dc1-4cdc75ad410a",
   "FIELD9": ""
 },
 {
   "category": "Household",
   "subcategory": "Laundry",
   "name": "365 Fabric Softener 2X Concentrate Lavender",
   "price": "4.99",
   "description": "32 oz�",
   "image": "https://d2lnr5mha7bycj.cloudfront.net/product-image/file/large_6f0308e1-cf8b-46fa-aa0f-2a06de5ba95e.jpg",
   "Image 2": "",
   "Product Link": "https://www.instacart.com/store/items/24776133?source1=aisle&source2=537&source3=537&impressionId=bd26adb1-994a-49c8-837a-cf1f1e6eeb37",
   "FIELD9": ""
 },
 {
   "category": "Household",
   "subcategory": "Laundry",
   "name": "365 Fabric Softener 2X Concentrate Lavender",
   "price": "4.99",
   "description": "32 oz�",
   "image": "https://d2lnr5mha7bycj.cloudfront.net/product-image/file/large_6f0308e1-cf8b-46fa-aa0f-2a06de5ba95e.jpg",
   "Image 2": "",
   "Product Link": "https://www.instacart.com/store/items/24776133?source1=aisle&source2=537&source3=537&impressionId=bd26adb1-994a-49c8-837a-cf1f1e6eeb37",
   "FIELD9": ""
 },
 {
   "category": "Household",
   "subcategory": "Laundry",
   "name": "Seventh Generation Free & Clear Chlorine-Free Bleach",
   "price": "5.49",
   "description": "64 oz�",
   "image": "https://d2lnr5mha7bycj.cloudfront.net/product-image/file/large_03252df8-4e15-4890-b5d0-de3ef5f421dc.jpg",
   "Image 2": "",
   "Product Link": "https://www.instacart.com/store/items/4491774?source1=aisle&source2=537&source3=537&impressionId=e1e8333a-88e6-480d-9b35-05b818597630",
   "FIELD9": ""
 },
 {
   "category": "Household",
   "subcategory": "Laundry",
   "name": "ECOS Laundry Detergent Free & Clear",
   "price": "12.99",
   "description": "100 oz�",
   "image": "https://d2lnr5mha7bycj.cloudfront.net/product-image/file/large_661b35f1-9554-4e16-9378-8d4f6af8c76b.jpg",
   "Image 2": "",
   "Product Link": "https://www.instacart.com/store/items/4529852?source1=aisle&source2=537&source3=537&impressionId=47340246-eb2d-4b9e-a958-dc034f5b832e",
   "FIELD9": ""
 },
 {
   "category": "Household",
   "subcategory": "Laundry",
   "name": "365 Lavender Fabric Softening Dryer Sheets",
   "price": "5.99",
   "description": "80 ct�",
   "image": "https://d2lnr5mha7bycj.cloudfront.net/product-image/file/large_c25b9135-0e21-439e-bd51-2fd84895a4ce.jpg",
   "Image 2": "",
   "Product Link": "https://www.instacart.com/store/items/23853446?source1=aisle&source2=537&source3=537&impressionId=d2b954f8-34c7-4393-bdf1-56893979374d",
   "FIELD9": ""
 },
 {
   "category": "Household",
   "subcategory": "Laundry",
   "name": "Mrs. Meyer's Lavender Scent Laundry Detergent",
   "price": "17.99",
   "description": "64 oz�",
   "image": "https://d2lnr5mha7bycj.cloudfront.net/product-image/file/large_40496c77-c7a4-4eed-aba4-dce80a62c407.jpg",
   "Image 2": "",
   "Product Link": "https://www.instacart.com/store/items/43272161?source1=aisle&source2=537&source3=537&impressionId=8cb68ceb-383c-40b9-ad32-c915ad94197f",
   "FIELD9": ""
 },
 {
   "category": "Household",
   "subcategory": "Laundry",
   "name": "Seventh Generation Lavender & Blue Eucalyptus Natural Laundry Detergent",
   "price": "9.99",
   "description": "50 oz�",
   "image": "https://d2lnr5mha7bycj.cloudfront.net/product-image/file/large_70319725-ceb8-43eb-926d-5c0760b0e2aa.jpg",
   "Image 2": "",
   "Product Link": "https://www.instacart.com/store/items/4572910?source1=aisle&source2=537&source3=537&impressionId=5d91152a-e1eb-4892-844a-90f4f2b0c8b3",
   "FIELD9": ""
 },
 {
   "category": "Household",
   "subcategory": "Laundry",
   "name": "365 Oxygen Whitening Bleach Powder",
   "price": "5.99",
   "description": "32 oz�",
   "image": "https://d2lnr5mha7bycj.cloudfront.net/product-image/file/large_aba32042-8e6f-4343-b3b5-75000ec99cd3.jpg",
   "Image 2": "",
   "Product Link": "https://www.instacart.com/store/items/4541485?source1=aisle&source2=537&source3=537&impressionId=5e711187-8f87-4e8c-bd66-0ee49d7ea7be",
   "FIELD9": ""
 },
 {
   "category": "Household",
   "subcategory": "Laundry",
   "name": "365 Water Lily Liquid Detergent",
   "price": "11.99",
   "description": "128 fl oz�",
   "image": "https://d2lnr5mha7bycj.cloudfront.net/product-image/file/large_04f9a269-d5cc-4c7e-8f51-01345b354538.jpg",
   "Image 2": "",
   "Product Link": "https://www.instacart.com/store/items/14921977?source1=aisle&source2=537&source3=537&impressionId=9ecfdc36-8ea0-4a8a-9236-aebbab309d7f",
   "FIELD9": ""
 },
 {
   "category": "Household",
   "subcategory": "Laundry",
   "name": "Mrs. Meyer's Clean Day Fabric Softener Lavender Scent",
   "price": "9.99",
   "description": "32.0 fl oz�",
   "image": "https://d2lnr5mha7bycj.cloudfront.net/product-image/file/large_be3ec292-3d29-4273-a16a-2d6cbfb9cb3d.jpg",
   "Image 2": "",
   "Product Link": "https://www.instacart.com/store/items/4521235?source1=aisle&source2=537&source3=537&impressionId=b6c4becd-a147-4cb8-a616-34ec9fb197ce",
   "FIELD9": ""
 },
 {
   "category": "Household",
   "subcategory": "Laundry",
   "name": "Seventh Generation 4x Ultra Concentrated Free & Clear Natural Laundry Detergent",
   "price": "14.99",
   "description": "50 oz�",
   "image": "https://d2lnr5mha7bycj.cloudfront.net/product-image/file/large_01eef47f-20f8-4346-b857-13f19507084a.jpg",
   "Image 2": "",
   "Product Link": "https://www.instacart.com/store/items/4534231?source1=aisle&source2=537&source3=537&impressionId=3934c4ae-8bfa-470e-8a52-75970d74af40",
   "FIELD9": ""
 },
 {
   "category": "Household",
   "subcategory": "Laundry",
   "name": "ECOS 2X Ultra Natural Laundry Detergent Magnolia & Lily",
   "price": "12.99",
   "description": "100 oz�",
   "image": "https://d2lnr5mha7bycj.cloudfront.net/product-image/file/large_edc18d02-506b-4c36-9e85-d31dcf65615e.jpg",
   "Image 2": "",
   "Product Link": "https://www.instacart.com/store/items/4543158?source1=aisle&source2=537&source3=537&impressionId=e58cb31e-3019-406b-acf0-3c89f1089d8f",
   "FIELD9": ""
 },
 {
   "category": "Household",
   "subcategory": "Laundry",
   "name": "365 Unscented Fabric Softening Dryer Sheets",
   "price": "5.99",
   "description": "80 ct�",
   "image": "https://d2lnr5mha7bycj.cloudfront.net/product-image/file/large_c8d0dfe9-2b4a-41f1-a177-732319a20281.jpg",
   "Image 2": "",
   "Product Link": "https://www.instacart.com/store/items/4538580?source1=aisle&source2=537&source3=537&impressionId=d1418a39-f6e3-4ce4-b5f3-493180077e50",
   "FIELD9": ""
 },
 {
   "category": "Household",
   "subcategory": "Laundry",
   "name": "Whole Foods Market Unscented Baby Laundry Detergent 2 X Concentrated",
   "price": "8.99",
   "description": "50 fl oz�",
   "image": "https://d2lnr5mha7bycj.cloudfront.net/product-image/file/large_cd70db70-1609-402d-a478-2ac7306a807e.jpg",
   "Image 2": "",
   "Product Link": "https://www.instacart.com/store/items/29968254?source1=aisle&source2=537&source3=537&impressionId=360d2958-fbd0-4b0b-b0a2-6ebed58a7da5",
   "FIELD9": ""
 },
 {
   "category": "Household",
   "subcategory": "Laundry",
   "name": "Mrs. Meyer's Clean Day Dry Sheets Lavender - 80 CT",
   "price": "8.99",
   "description": "80 ct�",
   "image": "https://d2lnr5mha7bycj.cloudfront.net/product-image/file/large_435b079d-46a3-4389-a997-2b73c9d25750.jpg",
   "Image 2": "",
   "Product Link": "https://www.instacart.com/store/items/4521014?source1=aisle&source2=537&source3=537&impressionId=51ee6f89-3941-451c-a299-9221f3ac155a",
   "FIELD9": ""
 },
 {
   "category": "Household",
   "subcategory": "Laundry",
   "name": "Whole Foods Market Organic Unscented Laundry Detergent",
   "price": "19.99",
   "description": "200 fl oz�",
   "image": "https://d2lnr5mha7bycj.cloudfront.net/product-image/file/large_4cb4d78b-cd7e-4b42-b18a-e63dad332deb.jpg",
   "Image 2": "",
   "Product Link": "https://www.instacart.com/store/items/4493692?source1=aisle&source2=537&source3=537&impressionId=418213d7-f531-4ce8-85b1-1fa031436bea",
   "FIELD9": ""
 },
 {
   "category": "Household",
   "subcategory": "Laundry",
   "name": "Ecover Stain Remover",
   "price": "4.39",
   "description": "6.8 oz�",
   "image": "https://d2lnr5mha7bycj.cloudfront.net/product-image/file/large_2f0ade23-6a2b-4f58-9871-8b4b41c0a6a3.jpg",
   "Image 2": "",
   "Product Link": "https://www.instacart.com/store/items/4496866?source1=aisle&source2=537&source3=537&impressionId=64f2b55c-2480-44f0-b3e6-edcfbaf80ce5",
   "FIELD9": ""
 },
 {
   "category": "Household",
   "subcategory": "Laundry",
   "name": "Mrs. Meyer's Lemon Verbena Laundry Detergent",
   "price": "17.99",
   "description": "64 oz�",
   "image": "https://d2lnr5mha7bycj.cloudfront.net/product-image/file/large_c68db838-818d-4e14-b81f-bf7faea3860a.JPG",
   "Image 2": "",
   "Product Link": "https://www.instacart.com/store/items/44085588?source1=aisle&source2=537&source3=537&impressionId=28c51a92-4c7b-4b42-8c24-85bbef5a658b",
   "FIELD9": ""
 },
 {
   "category": "Household",
   "subcategory": "Laundry",
   "name": "365 White Flower Laundry Pods",
   "price": "9.99",
   "description": "50 ct�",
   "image": "https://d2lnr5mha7bycj.cloudfront.net/product-image/file/large_3452d66d-9a0d-4667-a4f5-771b591db465.jpg",
   "Image 2": "",
   "Product Link": "https://www.instacart.com/store/items/26868417?source1=aisle&source2=537&source3=537&impressionId=52cfd695-a437-4479-b6ea-ee4c0fe6a3b0",
   "FIELD9": ""
 },
 {
   "category": "Household",
   "subcategory": "Paper Goods",
   "name": "365 100% Recycled Paper Towel Rolls",
   "price": "4.49",
   "description": "3 ct�",
   "image": "https://d2lnr5mha7bycj.cloudfront.net/product-image/file/large_29d8d93f-acd3-42cb-823d-58b92b15caa0.jpg",
   "Image 2": "",
   "Product Link": "https://www.instacart.com/store/items/18116408?source1=aisle&source2=535&source3=535&impressionId=ce8752c2-3b1f-4e35-beb7-c3262a97efc4",
   "FIELD9": ""
 },
 {
   "category": "Household",
   "subcategory": "Paper Goods",
   "name": "365 100% Recycled Paper Towels",
   "price": "7.99",
   "description": "8 ct�",
   "image": "https://d2lnr5mha7bycj.cloudfront.net/product-image/file/large_359f2cf7-26ac-4f6d-b701-807ee2ba75b3.jpg",
   "Image 2": "",
   "Product Link": "https://www.instacart.com/store/items/22819918?source1=aisle&source2=535&source3=535&impressionId=ff715ef1-7e1c-4325-a6fa-3886a3020343",
   "FIELD9": ""
 },
 {
   "category": "Household",
   "subcategory": "Paper Goods",
   "name": "365 Sustainably Soft Bath Tissue",
   "price": "3.99",
   "description": "4 ct�",
   "image": "https://d2lnr5mha7bycj.cloudfront.net/product-image/file/large_d640ea08-4ff5-40d5-b8e9-b0d92cea5edc.jpg",
   "Image 2": "",
   "Product Link": "https://www.instacart.com/store/items/19035170?source1=aisle&source2=535&source3=535&impressionId=09e9c342-3a6e-4545-8394-0ab3437b9cdc",
   "FIELD9": ""
 },
 {
   "category": "Household",
   "subcategory": "Paper Goods",
   "name": "365 Sustainably Soft Bath Tissue",
   "price": "8.99",
   "description": "12 ct�",
   "image": "https://d2lnr5mha7bycj.cloudfront.net/product-image/file/large_16b8ead8-7549-43e7-8787-575da9bb94ec.jpg",
   "Image 2": "",
   "Product Link": "https://www.instacart.com/store/items/23475070?source1=aisle&source2=535&source3=535&impressionId=b423ced8-43bc-4fa5-bdb4-352d7cf75c6a",
   "FIELD9": ""
 },
 {
   "category": "Household",
   "subcategory": "Paper Goods",
   "name": "365 100% Recycled Bath Tissue",
   "price": "4.99",
   "description": "12 ct�",
   "image": "https://d2lnr5mha7bycj.cloudfront.net/product-image/file/large_7e372c13-4774-45a6-ab22-0eebe6c5c8b7.jpg",
   "Image 2": "",
   "Product Link": "https://www.instacart.com/store/items/18460135?source1=aisle&source2=535&source3=535&impressionId=c4f26b3c-344f-426a-92f6-8e3b6394ca06",
   "FIELD9": ""
 },
 {
   "category": "Household",
   "subcategory": "Paper Goods",
   "name": "365 100% Recycled Bath Tissue Rolls",
   "price": "9.99",
   "description": "24 ct�",
   "image": "https://d2lnr5mha7bycj.cloudfront.net/product-image/file/large_d952cff3-87d6-4b22-b64b-97bca5117886.jpg",
   "Image 2": "",
   "Product Link": "https://www.instacart.com/store/items/26849868?source1=aisle&source2=535&source3=535&impressionId=7dd252cd-3ede-4311-899b-ae502cc1c08f",
   "FIELD9": ""
 },
 {
   "category": "Household",
   "subcategory": "Paper Goods",
   "name": "365 Sustainably Soft Facial Tissue",
   "price": "1.39",
   "description": "150 ct�",
   "image": "https://d2lnr5mha7bycj.cloudfront.net/product-image/file/large_70122349-7565-4ccf-a45d-73d3f3e88da9.jpg",
   "Image 2": "",
   "Product Link": "https://www.instacart.com/store/items/23327609?source1=aisle&source2=535&source3=535&impressionId=760a3707-161e-46bc-9410-8d5f539436ca",
   "FIELD9": ""
 },
 {
   "category": "Household",
   "subcategory": "Paper Goods",
   "name": "365 Sustainably Strong Paper Towels Jumbo Roll",
   "price": "4.99",
   "description": "3 ct�",
   "image": "https://d2lnr5mha7bycj.cloudfront.net/product-image/file/large_7c3df101-ca58-4ae9-b834-50e311ac1c62.jpg",
   "Image 2": "",
   "Product Link": "https://www.instacart.com/store/items/16688546?source1=aisle&source2=535&source3=535&impressionId=28d85778-ea9a-442a-b10d-e95ac3b254f7",
   "FIELD9": ""
 },
 {
   "category": "Household",
   "subcategory": "Paper Goods",
   "name": "365 100% Recycled Bath Tissue",
   "price": "2.39",
   "description": "4 ct�",
   "image": "https://d2lnr5mha7bycj.cloudfront.net/product-image/file/large_ea5b5457-78d1-4c67-98d7-53e7b76c6f43.jpg",
   "Image 2": "",
   "Product Link": "https://www.instacart.com/store/items/18649843?source1=aisle&source2=535&source3=535&impressionId=4ff8454e-68ea-48cd-ab30-7ac790590f1c",
   "FIELD9": ""
 },
 {
   "category": "Household",
   "subcategory": "Paper Goods",
   "name": "365 Sustainably Soft Facial Tissue",
   "price": "1.49",
   "description": "100 ct�",
   "image": "https://d2lnr5mha7bycj.cloudfront.net/product-image/file/large_a9923218-9e1d-4e95-abd8-b31fd82d9f5f.jpg",
   "Image 2": "",
   "Product Link": "https://www.instacart.com/store/items/23272623?source1=aisle&source2=535&source3=535&impressionId=719aaa4d-bd6c-4edb-a4a5-c7062744887c",
   "FIELD9": ""
 },
 {
   "category": "Household",
   "subcategory": "Paper Goods",
   "name": "Seventh Generation 2-Ply 100% Recycled Bathroom Tissue",
   "price": "11.99",
   "description": "12 x 300 sheets�",
   "image": "https://d2lnr5mha7bycj.cloudfront.net/product-image/file/large_79ad0660-0cf5-4bf3-a8e1-4deb9d255e23.jpg",
   "Image 2": "",
   "Product Link": "https://www.instacart.com/store/items/4526904?source1=aisle&source2=535&source3=535&impressionId=c768261f-993b-441e-84c3-5650dfb33f2d",
   "FIELD9": ""
 },
 {
   "category": "Household",
   "subcategory": "Paper Goods",
   "name": "Seventh Generation 100% Unbleached Recycled Paper Towels",
   "price": "2.99",
   "description": "82.5 sq ft�",
   "image": "https://d2lnr5mha7bycj.cloudfront.net/product-image/file/large_07029b10-60c2-414b-8479-287e91dbdcfd.jpg",
   "Image 2": "",
   "Product Link": "https://www.instacart.com/store/items/4493421?source1=aisle&source2=535&source3=535&impressionId=60f10543-b7fb-4bbe-9eef-77be4eef6e28",
   "FIELD9": ""
 },
 {
   "category": "Household",
   "subcategory": "Paper Goods",
   "name": "365 100% Recycled Facial Tissue",
   "price": "1.49",
   "description": "95 ct�",
   "image": "https://d2lnr5mha7bycj.cloudfront.net/product-image/file/large_198f3c48-6dfc-440c-a271-315f62802a4b.jpg",
   "Image 2": "",
   "Product Link": "https://www.instacart.com/store/items/8195990?source1=aisle&source2=535&source3=535&impressionId=3f16f1de-bec0-4518-8664-2f8a1d460f85",
   "FIELD9": ""
 },
 {
   "category": "Household",
   "subcategory": "Paper Goods",
   "name": "Seventh Generation Purely Soft Bath Tissue",
   "price": "14.99",
   "description": "12 x 12 ct�",
   "image": "https://d2lnr5mha7bycj.cloudfront.net/product-image/file/large_404c4884-dad6-4258-b1e1-683be2980adb.jpg",
   "Image 2": "",
   "Product Link": "https://www.instacart.com/store/items/4574922?source1=aisle&source2=535&source3=535&impressionId=0ce4d719-c43a-4058-a62a-8f76f4cd7bc6",
   "FIELD9": ""
 },
 {
   "category": "Household",
   "subcategory": "Paper Goods",
   "name": "Seventh Generation 2-Ply Right Size 100% Recycled Paper Towels",
   "price": "5.49",
   "description": "2 ct�",
   "image": "https://d2lnr5mha7bycj.cloudfront.net/product-image/file/large_b207773b-31da-41b8-9976-8160e467f977.JPG",
   "Image 2": "",
   "Product Link": "https://www.instacart.com/store/items/4527823?source1=aisle&source2=535&source3=535&impressionId=26c4b6c8-d462-475b-8d5c-13cb99a2c123",
   "FIELD9": ""
 },
 {
   "category": "Household",
   "subcategory": "Paper Goods",
   "name": "Seventh Generation Purely Soft Bath Tissue",
   "price": "5.49",
   "description": "4 ct�",
   "image": "https://d2lnr5mha7bycj.cloudfront.net/product-image/file/large_1cb58459-4ccc-400d-849e-97eb8c21892f.jpg",
   "Image 2": "",
   "Product Link": "https://www.instacart.com/store/items/4498408?source1=aisle&source2=535&source3=535&impressionId=95663bf1-b909-488e-8a59-abcb27dff68a",
   "FIELD9": ""
 },
 {
   "category": "Household",
   "subcategory": "Paper Goods",
   "name": "Seventh Generation 2-Ply 100% Recycled Bathroom Tissue",
   "price": "4.69",
   "description": "4 ct�",
   "image": "https://d2lnr5mha7bycj.cloudfront.net/product-image/file/large_8b33eb55-08c7-47e4-8d53-382baa00c70b.JPG",
   "Image 2": "",
   "Product Link": "https://www.instacart.com/store/items/4527239?source1=aisle&source2=535&source3=535&impressionId=917614f3-23f8-442c-91d8-a769721f2817",
   "FIELD9": ""
 },
 {
   "category": "Household",
   "subcategory": "Paper Goods",
   "name": "365 Plastic Party Cups",
   "price": "2.29",
   "description": "20 x 9 oz�",
   "image": "https://d2lnr5mha7bycj.cloudfront.net/product-image/file/large_cc687359-db49-45ff-8219-14433698c1a9.jpg",
   "Image 2": "",
   "Product Link": "https://www.instacart.com/store/items/4485445?source1=aisle&source2=535&source3=535&impressionId=0cea5f49-5363-4a67-a8e4-1c128984c0b9",
   "FIELD9": ""
 },
 {
   "category": "Household",
   "subcategory": "Paper Goods",
   "name": "Seventh Generation 2-Ply 100% Recycled Bathroom Tissue",
   "price": "1.79",
   "description": "",
   "image": "https://d2lnr5mha7bycj.cloudfront.net/product-image/file/large_9eda5738-4d6e-4613-a34b-407a95606333.JPG",
   "Image 2": "",
   "Product Link": "https://www.instacart.com/store/items/21101779?source1=aisle&source2=535&source3=535&impressionId=3155fe50-8a4a-4bf8-a63d-31432e9c86d9",
   "FIELD9": ""
 },
 {
   "category": "Household",
   "subcategory": "Paper Goods",
   "name": "365 Sustainably Strong Paper Towels Jumbo Roll",
   "price": "24.99",
   "description": "12 ct�",
   "image": "https://d2lnr5mha7bycj.cloudfront.net/product-image/file/large_986f41a4-a6bf-4e7c-affe-00064172e868.jpg",
   "Image 2": "",
   "Product Link": "https://www.instacart.com/store/items/31672432?source1=aisle&source2=535&source3=535&impressionId=e9709ab5-295f-4764-b68d-7c8788d635c3",
   "FIELD9": ""
 },
 {
   "category": "Household",
   "subcategory": "Trash Bags & Liners",
   "name": "365 Tall Kitchen Trash Bags",
   "price": "9.99",
   "description": "60 ct�",
   "image": "https://d2lnr5mha7bycj.cloudfront.net/product-image/file/large_3e78b966-de8a-40db-89ba-2b4acaa604d8.jpg",
   "Image 2": "",
   "Product Link": "https://www.instacart.com/store/items/23734800?source1=aisle&source2=3634&source3=3634&impressionId=3f57cf64-90c9-47f8-9bb0-6dcaba6d10a4",
   "FIELD9": ""
 },
 {
   "category": "Household",
   "subcategory": "Trash Bags & Liners",
   "name": "365 Tall Kitchen Drawstring Bags",
   "price": "3.98",
   "description": "20 ct�",
   "image": "https://d2lnr5mha7bycj.cloudfront.net/product-image/file/large_8ad37233-dcbd-423b-b08f-842e86f54ebd.jpg",
   "Image 2": "",
   "Product Link": "https://www.instacart.com/store/items/22676140?source1=aisle&source2=3634&source3=3634&impressionId=fd469e2e-c417-40ef-b9db-585c35ad3d4d",
   "FIELD9": ""
 },
 {
   "category": "Household",
   "subcategory": "Trash Bags & Liners",
   "name": "365 Bags Trash Tall Flextra",
   "price": "7.49",
   "description": "38 x 13 gal�",
   "image": "https://d2lnr5mha7bycj.cloudfront.net/product-image/file/large_6fcd25f0-8d75-40fe-92ba-1c594fcfb57f.jpg",
   "Image 2": "",
   "Product Link": "https://www.instacart.com/store/items/23853416?source1=aisle&source2=3634&source3=3634&impressionId=54e95076-1514-4f61-9ea5-3a0246dcff4e",
   "FIELD9": ""
 },
 {
   "category": "Household",
   "subcategory": "Trash Bags & Liners",
   "name": "BioBag Compostable Small 3 Gallon Food Scrap Bags - 25 CT",
   "price": "5.49",
   "description": "25 ct�",
   "image": "https://d2lnr5mha7bycj.cloudfront.net/product-image/file/large_481f9b43-c600-4ed9-a22a-94a4612f3696.jpg",
   "Image 2": "",
   "Product Link": "https://www.instacart.com/store/items/4541011?source1=aisle&source2=3634&source3=3634&impressionId=bc46b43d-6fb1-4e11-827b-59802820cad7",
   "FIELD9": ""
 },
 {
   "category": "Household",
   "subcategory": "Trash Bags & Liners",
   "name": "BioBag Compostable Tall 13 Gallon Food Scrap Bags - 12 CT",
   "price": "5.99",
   "description": "12 ct�",
   "image": "https://d2lnr5mha7bycj.cloudfront.net/product-image/file/large_f0d4434d-c08a-4eab-856b-4008c0720ff2.jpg",
   "Image 2": "",
   "Product Link": "https://www.instacart.com/store/items/4588134?source1=aisle&source2=3634&source3=3634&impressionId=a85bac1c-c98c-43b9-9f83-be78947ff81f",
   "FIELD9": ""
 },
 {
   "category": "Household",
   "subcategory": "Trash Bags & Liners",
   "name": "If You Care Certified Compostable Tall Kitchen Bags 13 Gallon - 12 CT",
   "price": "6.99",
   "description": "12.0 ct�",
   "image": "https://d2lnr5mha7bycj.cloudfront.net/product-image/file/large_9231d891-006d-4e68-81ea-407808f9c8f7.jpg",
   "Image 2": "",
   "Product Link": "https://www.instacart.com/store/items/4541323?source1=aisle&source2=3634&source3=3634&impressionId=3177b8e2-612e-43cc-a998-c44e0bfb0770",
   "FIELD9": ""
 },
 {
   "category": "Household",
   "subcategory": "Trash Bags & Liners",
   "name": "365 Bags Trash 30 Gal Flextr",
   "price": "5.99",
   "description": "25 x 113.5 l�",
   "image": "https://d2lnr5mha7bycj.cloudfront.net/product-image/file/large_f0daffff-11d1-4632-9a10-b02969661d35.jpg",
   "Image 2": "",
   "Product Link": "https://www.instacart.com/store/items/21752348?source1=aisle&source2=3634&source3=3634&impressionId=8889085b-6887-4927-a731-41a69263dcdc",
   "FIELD9": ""
 },
 {
   "category": "Household",
   "subcategory": "Trash Bags & Liners",
   "name": "If You Care Certified Compostable Food Waste Bags 3 Gallon - 30 CT",
   "price": "6.49",
   "description": "30.0 ct�",
   "image": "https://d2lnr5mha7bycj.cloudfront.net/product-image/file/large_f58d5b7f-c774-4ff2-bcee-2984f6f80c0f.jpg",
   "Image 2": "",
   "Product Link": "https://www.instacart.com/store/items/4541478?source1=aisle&source2=3634&source3=3634&impressionId=40322d4b-605f-4c4b-85e5-ab2f874e98a5",
   "FIELD9": ""
 },
 {
   "category": "Household",
   "subcategory": "Trash Bags & Liners",
   "name": "365 Bags Trash 30 Gal Flextra",
   "price": "7.99",
   "description": "35 x 113.5 l�",
   "image": "https://d2lnr5mha7bycj.cloudfront.net/product-image/file/large_c3ed92bb-e81b-4fe3-833b-fcb904f66308.jpg",
   "Image 2": "",
   "Product Link": "https://www.instacart.com/store/items/21463540?source1=aisle&source2=3634&source3=3634&impressionId=4cb1d001-e091-4a8f-8852-5477c23e36cd",
   "FIELD9": ""
 },
 {
   "category": "Household",
   "subcategory": "Trash Bags & Liners",
   "name": "365 Double Zipper Freezer Gallon Bags",
   "price": "3.99",
   "description": "30 ct�",
   "image": "https://d2lnr5mha7bycj.cloudfront.net/product-image/file/large_cbc3a790-a14e-4ed2-9dbd-cfe4e51c97d4.jpg",
   "Image 2": "",
   "Product Link": "https://www.instacart.com/store/items/66876449?source1=aisle&source2=3634&source3=3634&impressionId=f8a88307-39b7-421f-8f69-2d3f4697a3b7",
   "FIELD9": ""
 },
 {
   "category": "Household",
   "subcategory": "Trash Bags & Liners",
   "name": "Tall Kitchen Bags - 12 CT",
   "price": "5.49",
   "description": "13.0 gal�",
   "image": "https://d2lnr5mha7bycj.cloudfront.net/product-image/file/large_b09b39e7-5826-41d6-9da7-55b9eb3b8fcc.png",
   "Image 2": "",
   "Product Link": "https://www.instacart.com/store/items/4541710?source1=aisle&source2=3634&source3=3634&impressionId=96283f72-99dc-492a-9e29-39e4f9e9d788",
   "FIELD9": ""
 },
 {
   "category": "Household",
   "subcategory": "Garden",
   "name": "Whole Foods Market Whole Trade Petite Bouquet",
   "price": "10",
   "description": "",
   "image": "https://d2lnr5mha7bycj.cloudfront.net/product-image/file/large_9d63fabf-4782-4576-ae43-3516558647d0.jpg",
   "Image 2": "",
   "Product Link": "https://www.instacart.com/store/items/22056289?source1=aisle&source2=11477&source3=11477&impressionId=32c404ad-c5aa-4eb9-8aaf-96b76b8a01f0",
   "FIELD9": ""
 },
 {
   "category": "Household",
   "subcategory": "Garden",
   "name": "Organic Iceberg Lettuce",
   "price": "2.49",
   "description": "",
   "image": "https://d2lnr5mha7bycj.cloudfront.net/product-image/file/large_b14e3809-ca77-491e-9215-248bdf6bb9e9.jpg",
   "Image 2": "",
   "Product Link": "https://www.instacart.com/store/items/62143128?source1=aisle&source2=11477&source3=11477&impressionId=13f4b0d2-861c-4070-a830-edbc97446824",
   "FIELD9": ""
 },
 {
   "category": "Household",
   "subcategory": "Garden",
   "name": "Pinery One Gallon Rosemary Plant",
   "price": "12.99",
   "description": "",
   "image": "https://d2lnr5mha7bycj.cloudfront.net/product-image/file/large_92804dec-8a22-4dba-b1ab-5dcca4606ba5.jpg",
   "Image 2": "",
   "Product Link": "https://www.instacart.com/store/items/22187083?source1=aisle&source2=11477&source3=11477&impressionId=739cbe63-2ce8-4f3b-a1c6-404fb863513c",
   "FIELD9": ""
 },
 {
   "category": "Household",
   "subcategory": "Garden",
   "name": "Badger Anti Bug Shake & Spray",
   "price": "8.99",
   "description": "4 oz�",
   "image": "https://d2lnr5mha7bycj.cloudfront.net/product-image/file/large_fac5ff15-4795-4023-b925-af41b6a940a2.jpg",
   "Image 2": "",
   "Product Link": "https://www.instacart.com/store/items/87451822?source1=aisle&source2=11477&source3=11477&impressionId=38fc5122-deb1-4e2c-9a78-6e7cf493867c",
   "FIELD9": ""
 },
 {
   "category": "Household",
   "subcategory": "Garden",
   "name": "National Whole Trade Bouquet Spring Medley",
   "price": "20",
   "description": "",
   "image": "https://d2lnr5mha7bycj.cloudfront.net/product-image/file/large_bf4ed7ac-c8eb-4475-bea7-ee98addd5c10.jpg",
   "Image 2": "",
   "Product Link": "https://www.instacart.com/store/items/4502271?source1=aisle&source2=11477&source3=11477&impressionId=d862d2ae-4df7-4eb6-bb1f-a9055480be4b",
   "FIELD9": ""
 },
 {
   "category": "Household",
   "subcategory": "Garden",
   "name": "Carnation Spray",
   "price": "4",
   "description": "",
   "image": "https://d2lnr5mha7bycj.cloudfront.net/product-image/file/large_d5927697-194b-412f-9c44-015598803154.jpg",
   "Image 2": "",
   "Product Link": "https://www.instacart.com/store/items/4501883?source1=aisle&source2=11477&source3=11477&impressionId=f13d81ac-ff3c-407c-bd44-5f9aca9d25d9",
   "FIELD9": ""
 },
 {
   "category": "Household",
   "subcategory": "Garden",
   "name": "Botanical Interests Basil Italian Genovese",
   "price": "1.89",
   "description": "",
   "image": "https://d2lnr5mha7bycj.cloudfront.net/product-image/file/large_44c6fbd1-3b51-4c97-8be7-8d5c69655864.jpg",
   "Image 2": "",
   "Product Link": "https://www.instacart.com/store/items/4497332?source1=aisle&source2=11477&source3=11477&impressionId=1d3a2d19-657a-44aa-9989-d47b8fa166cf",
   "FIELD9": ""
 },
 {
   "category": "Household",
   "subcategory": "Garden",
   "name": "Botanical Interests Gourmet Mesclun Baby Lettuce",
   "price": "2.39",
   "description": "",
   "image": "https://d2lnr5mha7bycj.cloudfront.net/product-image/file/large_6b1f7b9b-4258-48ae-966b-daa1846dc4e9.jpg",
   "Image 2": "",
   "Product Link": "https://www.instacart.com/store/items/4505897?source1=aisle&source2=11477&source3=11477&impressionId=1500721e-44f3-4cae-9d38-b4d3a89b385d",
   "FIELD9": ""
 },
 {
   "category": "Household",
   "subcategory": "Garden",
   "name": "Botanical Interests Chives Common",
   "price": "1.99",
   "description": "",
   "image": "https://d2lnr5mha7bycj.cloudfront.net/product-image/file/large_1212d544-d25a-41ee-93cc-60ee1b4277e3.jpg",
   "Image 2": "",
   "Product Link": "https://www.instacart.com/store/items/4497185?source1=aisle&source2=11477&source3=11477&impressionId=88e65886-9c9c-48c9-aefc-2d7d29228aa8",
   "FIELD9": ""
 },
 {
   "category": "Household",
   "subcategory": "Garden",
   "name": "Botanical Interests Parsley Italian Dark Green Flat",
   "price": "1.99",
   "description": "",
   "image": "https://d2lnr5mha7bycj.cloudfront.net/product-image/file/large_43200a57-4f79-4353-aa9c-64d397b865ef.jpg",
   "Image 2": "",
   "Product Link": "https://www.instacart.com/store/items/4496904?source1=aisle&source2=11477&source3=11477&impressionId=b868dc88-51fb-4518-bfce-2d1dd7a678f3",
   "FIELD9": ""
 },
 {
   "category": "Household",
   "subcategory": "Garden",
   "name": "Botanical Interests Lettuce Butterhead Buttrcrnch",
   "price": "1.89",
   "description": "",
   "image": "https://d2guulkeunn7d8.cloudfront.net/assets/missing-item-0ca47424f272dd3909349f67e9661183.png",
   "Image 2": "",
   "Product Link": "https://www.instacart.com/store/items/4499426?source1=aisle&source2=11477&source3=11477&impressionId=f5e6ebc1-f043-4f0b-98c9-3d86f69d2f34",
   "FIELD9": ""
 },
 {
   "category": "Household",
   "subcategory": "Garden",
   "name": "Botanical Interests Salad Bwl Ltt Seed",
   "price": "2.39",
   "description": "1 pack�",
   "image": "https://d2lnr5mha7bycj.cloudfront.net/product-image/file/large_a80a77f0-9c11-4e15-aeba-99f4f6ce0ab3.jpg",
   "Image 2": "",
   "Product Link": "https://www.instacart.com/store/items/4596838?source1=aisle&source2=11477&source3=11477&impressionId=e8cfd771-ac3c-4cd3-a93a-ace261e514b6",
   "FIELD9": ""
 },
 {
   "category": "Household",
   "subcategory": "Garden",
   "name": "Botanical Interests Tomato Pole Red Siberian",
   "price": "1.89",
   "description": "",
   "image": "https://d2lnr5mha7bycj.cloudfront.net/product-image/file/large_44651afd-4683-4326-a4dc-0b800c5432df.jpg",
   "Image 2": "",
   "Product Link": "https://www.instacart.com/store/items/32348447?source1=aisle&source2=11477&source3=11477&impressionId=37def2d8-0665-4bea-9d47-2b00e3246721",
   "FIELD9": ""
 },
 {
   "category": "Household",
   "subcategory": "Garden",
   "name": "Botanical Interests Pea Snap Sugar Snap",
   "price": "2.39",
   "description": "",
   "image": "https://d2lnr5mha7bycj.cloudfront.net/product-image/file/large_1689156f-2383-4955-902f-824498c11e51.jpg",
   "Image 2": "",
   "Product Link": "https://www.instacart.com/store/items/4498598?source1=aisle&source2=11477&source3=11477&impressionId=e14e3c17-dad9-46bb-8802-0804880b717a",
   "FIELD9": ""
 },
 {
   "category": "Household",
   "subcategory": "Garden",
   "name": "Botanical Interests Carrot Baby Little Finger",
   "price": "1.99",
   "description": "",
   "image": "https://d2lnr5mha7bycj.cloudfront.net/product-image/file/large_c7e5fb52-3f9c-4bd3-8185-af0e55b730f4.jpg",
   "Image 2": "",
   "Product Link": "https://www.instacart.com/store/items/4498387?source1=aisle&source2=11477&source3=11477&impressionId=5efb1bba-ec5c-4cee-a00f-1f5efb099f27",
   "FIELD9": ""
 },
 {
   "category": "Household",
   "subcategory": "Garden",
   "name": "Botanical Interests Pea Shelling Progress #9",
   "price": "2.39",
   "description": "",
   "image": "https://d2lnr5mha7bycj.cloudfront.net/product-image/file/large_4df289b4-4565-42f2-acf6-ee7f78fd63ea.jpg",
   "Image 2": "",
   "Product Link": "https://www.instacart.com/store/items/4500304?source1=aisle&source2=11477&source3=11477&impressionId=359ae704-4fe8-4f9c-a278-1d446c073d82",
   "FIELD9": ""
 },
 {
   "category": "Household",
   "subcategory": "Garden",
   "name": "Botanical Interests Organic Arugula Wild Rocket Salad",
   "price": "2.39",
   "description": "",
   "image": "https://d2lnr5mha7bycj.cloudfront.net/product-image/file/large_c83cd739-190a-4cab-a4cf-9541cf2fdf4b.jpg",
   "Image 2": "",
   "Product Link": "https://www.instacart.com/store/items/4499936?source1=aisle&source2=11477&source3=11477&impressionId=d5bad683-cf12-499b-8c0f-f433c99d8eaf",
   "FIELD9": ""
 },
 {
   "category": "Household",
   "subcategory": "Garden",
   "name": "Botanical Interests Sunflower Sunspot",
   "price": "1.89",
   "description": "",
   "image": "https://d2lnr5mha7bycj.cloudfront.net/product-image/file/large_408d2848-7d1f-4f51-b57d-f544c5f38037.jpg",
   "Image 2": "",
   "Product Link": "https://www.instacart.com/store/items/4501086?source1=aisle&source2=11477&source3=11477&impressionId=3915caa7-5a8c-486a-a0b2-fa516ee2bacf",
   "FIELD9": ""
 },
 {
   "category": "Household",
   "subcategory": "Garden",
   "name": "Botanical Interests Organic Carrot Scarlet Nantes",
   "price": "1.99",
   "description": "",
   "image": "https://d2lnr5mha7bycj.cloudfront.net/product-image/file/large_435af7df-3cc2-47ab-b085-1368da7d7a9c.jpg",
   "Image 2": "",
   "Product Link": "https://www.instacart.com/store/items/4500143?source1=aisle&source2=11477&source3=11477&impressionId=70bb8203-a49b-45b4-ba62-7d844c10a415",
   "FIELD9": ""
 },
 {
   "category": "Household",
   "subcategory": "Garden",
   "name": "Botanical Interests Lettuce Mesclun Q's Medley",
   "price": "2.39",
   "description": "",
   "image": "https://d2lnr5mha7bycj.cloudfront.net/product-image/file/large_5cb1dd5b-cfc8-4d16-9633-ba1caa57d2e5.jpg",
   "Image 2": "",
   "Product Link": "https://www.instacart.com/store/items/4500063?source1=aisle&source2=11477&source3=11477&impressionId=95f269f9-cd4a-47e8-a7d6-04ac3b9a3718",
   "FIELD9": ""
 },
 {
   "category": "Household",
   "subcategory": "More Household",
   "name": "Queens White Hydrangeas",
   "price": "10",
   "description": "3 count�",
   "image": "https://d2lnr5mha7bycj.cloudfront.net/product-image/file/large_471102c0-c82a-4b9e-b35a-8e4d5f479eda.jpg",
   "Image 2": "",
   "Product Link": "https://www.instacart.com/store/items/4493552?source1=aisle&source2=533&source3=533&impressionId=f1a36936-6249-4e9d-8307-b2e080d284db",
   "FIELD9": ""
 },
 {
   "category": "Household",
   "subcategory": "More Household",
   "name": "365 Snack Bags",
   "price": "1.68",
   "description": "50 ct�",
   "image": "https://d2lnr5mha7bycj.cloudfront.net/product-image/file/large_d8690d67-b1a7-411f-99dd-c171b7d55a2c.jpg",
   "Image 2": "",
   "Product Link": "https://www.instacart.com/store/items/4518816?source1=aisle&source2=533&source3=533&impressionId=64c47804-9782-4aff-ab1b-d6a6830c4ed5",
   "FIELD9": ""
 },
 {
   "category": "Household",
   "subcategory": "More Household",
   "name": "Virginia Grown Tulips, 10 ct",
   "price": "8",
   "description": "",
   "image": "https://d2lnr5mha7bycj.cloudfront.net/product-image/file/large_5fa2d89d-e758-4722-9cf5-673a1a155ca1.png",
   "Image 2": "",
   "Product Link": "https://www.instacart.com/store/items/28732948?source1=aisle&source2=533&source3=533&impressionId=67879201-4551-4837-af26-ad1eeb939f23",
   "FIELD9": ""
 },
 {
   "category": "Household",
   "subcategory": "More Household",
   "name": "365 Wax Paper",
   "price": "1.99",
   "description": "75 ft�",
   "image": "https://d2lnr5mha7bycj.cloudfront.net/product-image/file/large_7daed25f-d541-4c19-b399-a99a183f42d1.jpg",
   "Image 2": "",
   "Product Link": "https://www.instacart.com/store/items/4544409?source1=aisle&source2=533&source3=533&impressionId=ce5e675c-dbab-44a1-b926-8273365fa4b8",
   "FIELD9": ""
 },
 {
   "category": "Household",
   "subcategory": "More Household",
   "name": "Preserve Assorted Plastic Cutlery",
   "price": "2.99",
   "description": "24 ct�",
   "image": "https://d2lnr5mha7bycj.cloudfront.net/product-image/file/large_4e67716a-f28e-40ed-a1e8-722e712ce16c.jpg",
   "Image 2": "",
   "Product Link": "https://www.instacart.com/store/items/4538125?source1=aisle&source2=533&source3=533&impressionId=397fee6e-707c-4e52-87ff-2b76d40a5dbb",
   "FIELD9": ""
 },
 {
   "category": "Household",
   "subcategory": "More Household",
   "name": "Calla Lily 10 Stem",
   "price": "10",
   "description": "",
   "image": "https://d2lnr5mha7bycj.cloudfront.net/product-image/file/large_b4c8b22d-538e-49bc-a97d-5c314b862e4a.png",
   "Image 2": "",
   "Product Link": "https://www.instacart.com/store/items/32348444?source1=aisle&source2=533&source3=533&impressionId=5e5f4936-756b-4216-b66f-6cb3ee1d8625",
   "FIELD9": ""
 },
 {
   "category": "Household",
   "subcategory": "More Household",
   "name": "Utility Lighter",
   "price": "4.99",
   "description": "2 ct�",
   "image": "https://d2lnr5mha7bycj.cloudfront.net/product-image/file/large_86f7295f-1924-41aa-a674-72ba3d470f40.jpg",
   "Image 2": "",
   "Product Link": "https://www.instacart.com/store/items/23853441?source1=aisle&source2=533&source3=533&impressionId=36c8fe12-fd48-4541-b580-f3530f886a9a",
   "FIELD9": ""
 },
 {
   "category": "Household",
   "subcategory": "More Household",
   "name": "Acure Facial Cleanser, Sensitive",
   "price": "9.99",
   "description": "4.00 oz�",
   "image": "https://d2lnr5mha7bycj.cloudfront.net/product-image/file/large_b53a4fb7-23b8-4810-9f25-99bada6c37f9.jpg",
   "Image 2": "",
   "Product Link": "https://www.instacart.com/store/items/4516188?source1=aisle&source2=533&source3=533&impressionId=fede7179-dfa1-484c-837c-99c44c5488ad",
   "FIELD9": ""
 },
 {
   "category": "Household",
   "subcategory": "More Household",
   "name": "Organic Lavender",
   "price": "1.99",
   "description": "per lb�",
   "image": "https://d2lnr5mha7bycj.cloudfront.net/product-image/file/large_e893dfd1-250f-4420-8e28-bbf18ccc4b33.jpg",
   "Image 2": "",
   "Product Link": "https://www.instacart.com/store/items/37492142?source1=aisle&source2=533&source3=533&impressionId=d9cc5fb1-95b8-4bbc-9192-98f68c2d1534",
   "FIELD9": ""
 },
 {
   "category": "Household",
   "subcategory": "More Household",
   "name": "Lazzari Mesquite Charcoal",
   "price": "6.99",
   "description": "6.75 lb�",
   "image": "https://d2lnr5mha7bycj.cloudfront.net/product-image/file/large_1aacd01b-3152-4a97-af63-848241a0dc88.jpg",
   "Image 2": "",
   "Product Link": "https://www.instacart.com/store/items/6928641?source1=aisle&source2=533&source3=533&impressionId=3f0bd86e-32da-459c-8780-84e4d84d3234",
   "FIELD9": ""
 },
 {
   "category": "Household",
   "subcategory": "More Household",
   "name": "Satya Sai Baba Nag Champa Agarbatti",
   "price": "6.99",
   "description": "40 g�",
   "image": "https://d2lnr5mha7bycj.cloudfront.net/product-image/file/large_0ea23754-b6e0-430a-896f-f529451acb68.jpg",
   "Image 2": "",
   "Product Link": "https://www.instacart.com/store/items/4482781?source1=aisle&source2=533&source3=533&impressionId=f02f3eae-bbf5-4c03-b5fb-0c37228864b2",
   "FIELD9": ""
 },
 {
   "category": "Household",
   "subcategory": "More Household",
   "name": "BlenderBottle 20 oz Blender Bottle",
   "price": "9.99",
   "description": "",
   "image": "https://d2lnr5mha7bycj.cloudfront.net/product-image/file/large_c4228fff-2416-4623-8108-085beff69793.jpg",
   "Image 2": "",
   "Product Link": "https://www.instacart.com/store/items/21372726?source1=aisle&source2=533&source3=533&impressionId=304d40ab-664e-4347-9f1d-957e3d2d3d8e",
   "FIELD9": ""
 },
 {
   "category": "Household",
   "subcategory": "More Household",
   "name": "Whole Trade Spray of Roses Mix",
   "price": "12",
   "description": "",
   "image": "https://d2lnr5mha7bycj.cloudfront.net/product-image/file/large_5e46eee5-8ef4-4d5f-9c4b-12abb4899138.jpg",
   "Image 2": "",
   "Product Link": "https://www.instacart.com/store/items/4584206?source1=aisle&source2=533&source3=533&impressionId=136971be-19fb-45f8-8bc7-d7f859e3bc9a",
   "FIELD9": ""
 },
 {
   "category": "Household",
   "subcategory": "More Household",
   "name": "Java Log 2 Hour Single",
   "price": "5.99",
   "description": "",
   "image": "https://d2lnr5mha7bycj.cloudfront.net/product-image/file/large_7f753f1e-f439-4410-a836-fdbbadbc154e.png",
   "Image 2": "",
   "Product Link": "https://www.instacart.com/store/items/13450675?source1=aisle&source2=533&source3=533&impressionId=e32ad70c-bbf5-4af1-b3f5-bd05d761ba67",
   "FIELD9": ""
 },
 {
   "category": "Household",
   "subcategory": "More Household",
   "name": "Kingsford 100% Natural Lump Briquets Real Mesquite Hardwood Flavor",
   "price": "9.99",
   "description": "10.6 lb�",
   "image": "https://d2lnr5mha7bycj.cloudfront.net/product-image/file/large_41c06ec8-e39b-417d-8029-b508e3584ae4.jpg",
   "Image 2": "",
   "Product Link": "https://www.instacart.com/store/items/29835484?source1=aisle&source2=533&source3=533&impressionId=3434391f-3cea-4537-a7d6-4df0f9511fc5",
   "FIELD9": ""
 },
 {
   "category": "Household",
   "subcategory": "More Household",
   "name": "Por La Mar Nursery Gladiola 5 Stem",
   "price": "5",
   "description": "",
   "image": "https://d2lnr5mha7bycj.cloudfront.net/product-image/file/large_8a506faf-c22d-4829-b486-d07ef32184be.png",
   "Image 2": "",
   "Product Link": "https://www.instacart.com/store/items/4596313?source1=aisle&source2=533&source3=533&impressionId=619611c6-9c8a-488d-880d-bb5ea3e54f07",
   "FIELD9": ""
 },
 {
   "category": "Household",
   "subcategory": "More Household",
   "name": "Scotch Magic Greener Tape",
   "price": "3.99",
   "description": "16.6 yards�",
   "image": "https://d2lnr5mha7bycj.cloudfront.net/product-image/file/large_496652f8-8f4c-4d40-ab77-23297f841a32.jpg",
   "Image 2": "",
   "Product Link": "https://www.instacart.com/store/items/32436266?source1=aisle&source2=533&source3=533&impressionId=2ed03891-f250-4dc7-a489-66914218f884",
   "FIELD9": ""
 },
 {
   "category": "Household",
   "subcategory": "More Household",
   "name": "Wyndmere Blue Glass Bottle With Mist sprayer",
   "price": "3.19",
   "description": "2 oz�",
   "image": "https://d2lnr5mha7bycj.cloudfront.net/product-image/file/large_c5fe9a9f-24de-420f-b114-b2347874e041.jpg",
   "Image 2": "",
   "Product Link": "https://www.instacart.com/store/items/4479286?source1=aisle&source2=533&source3=533&impressionId=74fadb7a-429f-4fcc-9aaa-fec38aa7fc2f",
   "FIELD9": ""
 },
 {
   "category": "Household",
   "subcategory": "More Household",
   "name": "Coshell Charcoal Briquets, Coconut",
   "price": "7.47",
   "description": "9.00 lb�",
   "image": "https://d2lnr5mha7bycj.cloudfront.net/product-image/file/large_8836f3ca-dbee-4a82-854a-de8d04fd64c7.jpg",
   "Image 2": "",
   "Product Link": "https://www.instacart.com/store/items/4539351?source1=aisle&source2=533&source3=533&impressionId=d4cf49a6-fc4c-409f-905e-669f1cecd741",
   "FIELD9": ""
 },
 {
   "category": "Household",
   "subcategory": "More Household",
   "name": "Kingsford Competition Briquets",
   "price": "9.99",
   "description": "11.1 lb�",
   "image": "https://d2lnr5mha7bycj.cloudfront.net/product-image/file/large_d7c0ac78-c340-44ec-b9ca-08e48cb7e855.jpg",
   "Image 2": "",
   "Product Link": "https://www.instacart.com/store/items/82258838?source1=aisle&source2=533&source3=533&impressionId=60b899c5-94a4-44cb-af2c-d17f7afa7f54",
   "FIELD9": ""
 }
]
}
